3246 5096
644 569 800 625 sueonie
822 568 946 622 wem
1308 551 1350 616 23

311 727 478 783 ὓυΝΤοΝ.
505 717 621 779 Vicmis
629 716 662 777 in
675 715 793 778 ecclesie
812 717 849 798 de
868 717 993 778 Dunton
1006 733 1063 794 que
1076 719 1120 776 est
1132 715 1303 778 monialium
1316 718 1353 779 de

250 797 389 859 Heliwell
401 798 551 860 exdudum
572 798 704 859 ondinstc
727 798 860 859 consistit
883 797 917 857 in
939 801 1002 858 toto
1022 795 1158 875 almegio
1172 815 1239 857 cum
1251 817 1352 859 menso

250 884 437 1022 pppppstgpttp
444 884 474 941 et
487 880 642 942 sustinebit
655 879 780 941 vicerim
796 877 894 940 omnis
913 896 1000 939 onere
1018 877 1098 938 illius
1118 877 1235 940 ecclesie
1254 879 1354 942 debite

311 1135 542 1192 [Aucti-'oum
568 1122 686 1183 Videris
698 1121 732 1182 in
745 1119 863 1182 ecclesis
876 1120 913 1180 de
923 1118 1089 1197 Leugcfond
1102 1139 1158 1198 que
1172 1125 1216 1182 est
1229 1121 1352 1184 fratrum

249 1202 356 1264 milicie
370 1204 484 1282 Templi
496 1203 668 1264 auctoritate
676 1203 792 1264 concilii
806 1201 1078 1262 ordineteconsistit
1091 1201 1124 1260 in
1137 1207 1200 1262 toto
1213 1203 1351 1281 eltemgio

250 1285 382 1361 ejusdem
396 1284 514 1345 ecclesie
527 1304 593 1345 cum
613 1303 715 1345 menso
736 1288 916 1361 competente
936 1288 966 1342 et
983 1284 1015 1341 in
1029 1283 1165 1343 omnibus
1178 1283 1216 1342 ed
1229 1285 1351 1346 eandem

250 1367 448 1442 spectantibus
460 1370 556 1444 preter
569 1365 696 1426 decimes
705 1364 858 1444 garbarum
871 1368 900 1424 et
910 1370 1005 1442 pretor
1013 1363 1352 1442 decimesprovenientes

249 1445 287 1506 de
310 1447 486 1508 molendinis
509 1451 538 1506 st
562 1453 658 1526 preter
680 1452 786 1506 terrem
804 1446 938 1507 ecclesie.
980 1445 1021 1504 Et
1047 1445 1203 1507 sustinebit
1226 1447 1351 1508 vicarius

251 1528 348 1588 omnis
368 1547 455 1589 onore
474 1527 557 1588 illius
576 1527 695 1588 ecclesie
721 1526 820 1588 debite
840 1531 869 1586 et
889 1529 1035 1601 consuete,
1055 1525 1194 1588 solvendo
1214 1528 1352 1606 predictis

251 1608 389 1670 tionibus
401 1629 491 1670 unum
503 1628 630 1670 mercem
643 1627 770 1670 snnuem
784 1608 822 1668 de
835 1607 943 1668 eedem.

313 1779 345 1833 S.
358 1779 548 1834 dOHANNlS
562 1780 774 1834 stusfosun
791 1768 909 1831 Vitatis
921 1769 954 1830 in
967 1769 1086 1829 ecclesie
1095 1767 1197 1830 Sentii
1206 1769 1228 1832 J
1228 1769 1353 1832 ohannis

252 1850 355 1912 Bedef'
369 1869 425 1928 que
439 1856 483 1911 eet
494 1851 618 1912 ficuum
633 1851 779 1930 Hospitsl'
794 1852 924 1930 ejusdem
940 1850 1011 1911 ville
1027 1847 1148 1932 [blootl

313 2025 557 2083 κεΜΜΕετοΝ.
581 2013 699 2074 Vicus-ie
724 2013 757 2072 in
791 2013 909 2074 ecclesie
936 2013 973 2072 de
1006 2012 1198 2073 Kommoston
1224 2032 1282 2093 que
1308 2019 1352 2075 est

251 2093 407 2154 Abbetissc
419 2100 449 2154 et
462 2094 632 2155 monialium
651 2095 689 2154 de
708 2094 876 2155 Alnestowe
895 2094 1065 2154 anctoritate
1084 2094 1200 2154 concilii
1219 2095 1352 2156 ordinsts

252 2175 385 2234 consistit
396 2176 430 2235 in
442 2180 504 2235 toto
514 2175 652 2253 cluregio
662 2175 742 2236 illiue
755 2175 872 2236 ecclesie
882 2181 912 2235 et
921 2193 1021 2235 menso
1027 2176 1117 2252 juxte
1125 2175 1274 2236 ecclesiam
1284 2195 1352 2238 cum

252 2255 342 2315 croite
356 2256 394 2315 ed
407 2255 544 2317 viceriem
556 2258 721 2334 essigusto:
741 2257 830 2318 salvis
843 2257 929 2317 dictis
946 2255 1122 2317 monialibus
1135 2257 1168 2316 xl
1181 2257 1231 2317 sol'
1245 2259 1352 2318 ennuis

251 2355 304 2413 pon
329 2356 447 2397 menum
473 2337 574 2398 vicarii
606 2338 725 2398 nomine
757 2338 891 2399 beneficii
924 2338 1058 2418 perpetui
1084 2337 1122 2396 de
1155 2338 1220 2416 ipse
1244 2339 1352 2399 viceris
1429 2379 1432 2384 -

251 2418 445 2559 &timendis
465 2424 495 2480 et
521 2419 671 2560 obletpione
706 2419 825 2480 cendele
855 2419 903 2480 die
928 2419 1140 2498 purificecionis
1166 2419 1205 2479 ed
1231 2420 1352 2480 eundem

312 2519 400 2558 essem
419 2519 577 2578 provenien
608 2545 615 2560 .

312 2673 592 2730 ροιοιΝρετοΝ.
618 2661 735 2722 Vicerie
754 2662 787 2722 im
807 2662 925 2722 ecclesis
948 2662 985 2722 de
1012 2661 1208 2740 Goldingston
1228 2682 1285 2742 que
1306 2668 1351 2724 est

251 2741 356 2818 prioris
376 2747 405 2800 et
426 2748 586 2802 conventus
606 2743 644 2802 de
671 2743 853 2804 Newenhem
879 2744 1049 2804 auctoritate
1076 2743 1192 2804 concilii
1218 2745 1351 2805 ondiuete

253 2823 387 2882 consistit
400 2823 431 2882 in
446 2828 508 2883 toto
522 2824 659 2901 nltemgio
680 2844 747 2884 cum
766 2824 902 2884 omnibus
921 2824 1043 2885 minutis
1061 2823 1181 2884 decimis
1195 2830 1225 2886 et
1237 2826 1352 2887 duobus

252 2904 325 2963 acris
334 2907 408 2964 terre
417 2905 450 2963 in
460 2904 568 2982 eempis
579 2900 686 2986 [preter
695 2906 793 2965 lenem
800 2911 831 2964 et
840 2903 961 2986 agnem]
972 2911 1002 2966 et
1009 2905 1042 2964 in
1052 2923 1151 2966 menso
1160 2911 1349 2985 competente

253 2982 336 3044 Dicti
348 2989 446 3045 eutem
458 2985 537 3064 prior
548 2989 579 3045 et
592 2991 754 3046 conventus
773 2987 871 3047 omnic
884 3005 970 3047 onere
983 2986 1063 3046 illius
1077 2987 1194 3046 ecclesie
1207 2987 1307 3048 debite
1321 2994 1351 3048 et

254 3071 390 3126 consuete
402 3066 589 3127 sustinebunt
609 3071 639 3128 et
659 3067 737 3128 velet
756 3066 837 3128 totel'
851 3067 970 3128 ecclesie
982 3087 1003 3128 x
1016 3067 1102 3128 merc'
1119 3068 1227 3129 viceris
1240 3087 1308 3130 vero
1321 3089 1350 3132 v.

711 3171 725 3202 ¹
737 3171 778 3222 Qu.
785 3171 899 3214 cenoeued

736 3300 799 3387 [lb.
816 3301 871 3380 le.

316 3420 565 3477 κεκοιΝατοΝ,
592 3409 709 3469 Viceiis
734 3411 767 3470 iu
794 3410 913 3470 ecclesie
935 3409 972 3470 de
999 3409 1202 3490 Kendingeton
1227 3431 1285 3491 que
1309 3419 1353 3476 est

253 3488 409 3548 eorundem
422 3490 591 3550 auctoritate
611 3490 727 3550 concilii
746 3491 879 3551 ordinate
898 3491 1030 3552 consistit
1042 3492 1076 3550 in
1096 3497 1159 3553 teto
1173 3492 1309 3573 eltmcgio
1323 3501 1353 3556 et

254 3569 389 3630 omnibus
401 3571 524 3631 minutis
537 3571 657 3632 decimis
671 3577 701 3632 et
714 3573 827 3633 duabus
837 3574 909 3633 seris
919 3577 992 3632 teme
1003 3572 1036 3632 in
1046 3575 1154 3653 campis
1170 3594 1238 3636 cum
1250 3596 1351 3637 menso

254 3656 442 3728 competente.
482 3652 566 3713 Dicti
578 3671 647 3714 vero
660 3655 739 3731 prior
751 3659 781 3714 et
795 3659 955 3716 conventus
969 3655 1135 3715 omnimode
1143 3656 1224 3717 illius
1233 3658 1352 3718 ecclesie

253 3749 339 3792 onem
351 3733 545 3794 sustinebunt
574 3733 614 3794 Et
627 3735 706 3797 velet
718 3735 823 3796 vicesis
836 3755 856 3796 v
868 3737 964 3798 merc'
977 3735 1087 3796 Totslis
1097 3737 1215 3799 ecclesis
1225 3757 1246 3798 x
1256 3740 1350 3800 mero'.

312 3907 491 3965 wimou.
516 3895 633 3957 Viceris
652 3898 685 3958 in
704 3898 823 3958 ecclesie
842 3898 879 3958 de
903 3897 1035 3960 Wileton
1055 3916 1111 3975 que
1131 3903 1176 3960 eet
1195 3901 1352 3961 eorundem

253 3977 421 4037 auctoritete
441 3977 556 4038 concilii
575 3979 708 4039 ordinate
727 3980 860 4040 consistit
879 3980 912 4038 in
931 3984 994 4040 toto
1013 3981 1150 4059 elwegio
1170 3986 1200 4040 et
1215 3983 1352 4042 omnibus

253 4057 375 4116 minutis
387 4057 507 4118 decimis
520 4063 549 4119 et
559 4059 592 4119 in
601 4059 722 4120 decimis
731 4061 963 4121 molendinorum
977 4081 1042 4122 cum
1056 4081 1157 4122 menso
1170 4068 1351 4141 competente

251 4136 633 4215 illieseignstoeumoroite
675 4141 759 4202 Prior
768 4161 836 4203 vero
846 4147 876 4202 et
886 4149 1046 4204 conventus
1057 4145 1222 4204 omnimode
1231 4145 1311 4205 illius
1321 4151 1352 4206 et

250 4236 337 4278 onem
351 4225 386 4279 nt
400 4239 493 4298 cupre
535 4221 576 4281 Et
591 4222 670 4283 velet
683 4224 790 4284 vicarie
803 4243 824 4285 v
836 4223 932 4285 meso!
976 4225 1087 4288 Totelis
1099 4225 1218 4287 ecclesis
1229 4246 1251 4288 x
1264 4246 1349 4289 merc

312 4395 526 4451 οοκκεροι.
552 4383 670 4445 Vicesie
681 4385 715 4445 in
727 4385 846 4447 ecclesis
858 4385 895 4448 de
908 4387 1055 4468 Ooekepol
1064 4409 1121 4469 que
1130 4395 1175 4452 est
1184 4389 1354 4452 monialium

251 4459 288 4522 do
302 4461 490 4524 Chekessend
500 4465 671 4528 auctoritate
684 4467 800 4529 concilii
811 4469 943 4531 ordinate
954 4471 1088 4534 consistit
1097 4472 1130 4534 in
1139 4476 1202 4534 teto
1215 4472 1352 4556 dtenegio
