3258 5096
636 488 791 542 nnoorm
818 488 942 544 00000.
1304 469 1344 538 71
1384 460 1389 475 ¹

253 639 390 718 altaregio
403 639 483 698 illius
503 637 675 708 medietatis,
689 641 720 696 et
732 654 832 696 manso
851 635 931 713 qnod
943 635 1002 695 fuit
1016 634 1176 696 Alexandri
1188 637 1349 714 capellani3

252 726 282 781 et
301 721 395 782 solvet
414 719 537 780 vicarius
562 717 710 792 sinodalia,
732 723 761 777 et
781 717 927 794 templarii
952 716 1116 794 hospicium
1142 717 1349 778 Archidiaconi

251 801 454 879 procurabunt.
496 799 631 859 Vicarins
643 817 711 859 vero
724 817 837 875 semper
849 798 1010 874 septimana
1023 798 1156 872 secunda,
1168 800 1277 859 scilicet
1290 818 1349 876 qua

251 882 408 943 celebrabit
420 883 452 942 10
465 881 575 958 capella
587 881 730 940 dictorum
743 879 875 953 fratrum,
889 877 943 939 erit
956 878 994 938 ad
1007 898 1136 939 mensam
1149 899 1255 940 eoruna

312 1026 475 1081 ΒυῃτοΝ,
517 1011 634 1070 Vicaria
654 1010 686 1068 10
706 1009 825 1068 00010010
850 1008 887 1068 de
914 1008 1036 1082 Burton,
1057 1028 1114 1086 que
1134 1015 1178 1069 est
1197 1011 1300 1087 prioris
1320 1015 1349 1070 et

251 1099 413 1154 conventus
426 1093 463 1152 de
473 1093 505 1152 N
506 1097 600 1166 ortun,
622 1091 791 1150 auctoritate
805 1089 920 1149 concilii
934 1090 1073 1164 ordinata,
1089 1091 1222 1151 consistit
1235 1093 1268 1150 in
1286 1096 1349 1150 toto

252 1175 389 1251 altaragio
401 1174 494 1252 ipsios
507 1173 634 1245 ecclesie,
649 1176 680 1232 et
691 1173 724 1230 10
737 1170 849 1230 decima
860 1171 1014 1248 garbarum
1026 1172 1080 1231 xri
1092 1171 1263 1232 boratarurn
1276 1177 1350 1232 terre

253 1255 290 1315 ds
302 1256 387 1316 feodo
400 1255 567 1328 ihussebut,
582 1272 647 1313 oum
662 1271 762 1312 manso
776 1256 976 1330 competente:
997 1256 1027 1311 et
1046 1257 1116 1312 sunt
1135 1253 1178 1313 ihi
1198 1254 1351 1314 necessarii

253 1335 311 1396 duo
321 1337 462 1413 capellani
472 1341 502 1396 et
512 1335 570 1394 duo
580 1333 683 1393 clerici
719 1333 853 1392 Vicarius
863 1336 959 1392 autem
968 1332 1061 1394 solvet
1071 1333 1221 1408 sinodalia,
1230 1339 1260 1395 et
1273 1336 1352 1412 prior

252 1423 282 1477 et
296 1422 456 1478 cenventus
469 1415 632 1494 hospicium
646 1413 852 1474 Archidiaconi
863 1415 1067 1491 procurabunt.

314 1559 538 1616 ΗΑυτεΒΑῃρ
561 1541 778 1627 [0100000001.
813 1544 931 1604 Vicetia
939 1539 972 1604 in
982 1545 1100 1606 ecclesia
1110 1545 1146 1606 de
1157 1545 1349 1625 Hautebarge,

253 1647 310 1707 que
320 1633 364 1688 ast
374 1627 476 1704 prioris
487 1632 516 1686 et
527 1632 687 1686 conventus
698 1627 734 1686 de
745 1625 894 1704 Spalding,
906 1627 1076 1688 auctoritate
1086 1628 1200 1687 concilii
1209 1627 1350 1702 ordinata,

253 1710 387 1770 consistit
399 1710 433 1768 10
446 1711 508 1768 toto
522 1708 659 1785 altaragio
670 1727 736 1768 cum
746 1726 846 1767 manso
861 1712 1060 1784 competente,
1079 1715 1109 1768 et
1122 1709 1245 1769 vicerim
1259 1711 1352 1780 solvet

254 1790 413 1867 synodalia,
427 1794 457 1848 et
470 1789 547 1866 prior
557 1794 587 1850 et
597 1794 756 1849 conventus
766 1788 928 1866 hospicium
942 1789 1137 1850 archidiaconi
1146 1791 1350 1868 procurabunt

253 1873 294 1932 Et
306 1871 384 1932 vaiet
396 1871 504 1932 vicaria
516 1871 547 1948 vj
561 1871 655 1944 marc',
670 1874 701 1931 et
712 1869 811 1930 totalis
824 1869 943 1929 ecclesia
955 1870 995 1930 xl

315 2016 448 2071 ΟΟΤΕε.
475 1999 1353 2078 VicariainecclesiadsGetasquesstabbatisetconventus

254 2083 291 2144 de
305 2083 462 2155 Wellebac,
476 2084 646 2143 anctoritate
659 2081 775 2142 concilii
794 2082 935 2155 ordinata,
950 2082 1083 2142 consistit
1094 2083 1127 2142 in
1140 2087 1202 2143 toto
1215 2085 1353 2160 sltaragio

255 2165 337 2224 etin
356 2183 400 2222 xx
418 2164 520 2224 solidis
540 2164 645 2224 annuis
664 2181 728 2222 cum
750 2183 851 2236 manso
871 2168 1059 2241 competente
1114 2163 1264 2242 Asugnab
1284 2171 1354 2224 sunt

256 2252 353 2306 autem
367 2244 439 2305 dicti
451 2264 493 2304 xx
506 2244 593 2304 solidi
613 2243 645 2304 in
666 2244 785 2304 decimis
804 2246 956 2322 garbarum
976 2245 1012 2303 da
1025 2245 1078 2321 viii
1092 2245 1208 2306 bevotis
1221 2251 1301 2320 terre,
1317 2247 1354 2304 de

255 2326 362 2404 quibus
376 2325 525 2386 Walterus
538 2325 575 2385 de
587 2325 712 2384 Marisoo
722 2329 803 2384 tenet
811 2327 901 2402 iiij0r,
915 2326 1004 2402 Hugo
1014 2325 1155 2403 presbiter
1165 2331 1245 2386 tenet
1255 2346 1353 2402 unam,

256 2407 353 2467 Adam
367 2406 488 2474 Crassus
501 2412 583 2467 tenet
596 2409 676 2480 duas,
692 2409 721 2466 et
734 2406 880 2468 Hemicus
893 2406 1013 2467 Crassus
1027 2425 1123 2468 unam.

315 2549 544 2605 Tonxsssffl.
586 2535 704 2596 Vicesia
716 2537 748 2596 in
761 2537 880 2596 ecclesia
899 2537 930 2600 S.
953 2537 1045 2598 Maris
1059 2537 1096 2597 de
1112 2537 1282 2616 Torkeseye,
1297 2557 1354 2616 qua

255 2622 300 2680 ast
310 2617 521 2680 canonicorum
532 2617 662 2694 ejusdem
671 2617 750 2692 ville,
761 2619 931 2678 auctoritate
944 2619 1059 2679 concilii
1069 2619 1211 2691 ordinata,
1221 2620 1354 2679 consistit
1455 2635 1457 2642 ¹

254 2701 288 2760 in
301 2701 383 2761 victu
395 2699 483 2758 unius
496 2699 628 2759 canonici
641 2703 670 2758 et
683 2717 742 2758 una
755 2717 849 2759 marca
859 2719 964 2774 annua,
975 2719 1042 2760 cum
1052 2719 1152 2760 manso
1162 2706 1352 2779 competente.

255 2914 286 2972 a
297 2844 457 2972 ..itin
467 2825 633 2988 listi,
645 2828 948 2985 diffamatis
959 2831 1355 2991 idffl’sllbihffl

255 2997 285 3051 et
298 2992 434 3052 omnibus
447 2993 569 3052 minutis
589 2991 708 3050 decimis
720 2992 758 3051 ad
771 2991 919 3052 ecclesiam
931 2993 1025 3070 ipsam
1042 2994 1265 3070 pcrtinentibus,
1280 2999 1309 3053 et
1322 2995 1355 3054 in

255 3071 369 3133 duabus
381 3072 496 3133 bovatis
508 3077 583 3131 terre
603 3086 669 3131 cum
688 3072 806 3148 vjacris
819 3074 896 3150 prati
908 3078 938 3132 et
956 3093 1023 3133 cum
1045 3092 1146 3133 manso
1169 3074 1356 3151 competenti.

256 3152 345 3214 Salva
358 3152 427 3212 inde
440 3152 526 3212 dictis
539 3152 639 3212 abbati
652 3157 682 3211 et
695 3153 853 3214 conventui
865 3173 924 3214 una
937 3173 1032 3214 marca
1041 3172 1108 3215 cum
1116 3173 1180 3214 eam
1189 3154 1248 3215 sibi
1256 3155 1355 3215 deberi

255 3234 441 3313 probaverint
452 3252 505 3312 per
518 3233 739 3294 ordinacionem.

317 3376 585 3458 ΒΑμΙιῠτΗοΒΡ.
617 3359 1036 3506 [Rcmtaamieappzeoyp
1061 3365 1223 3426 Vicariain
1236 3367 1354 3462 00010010

255 3443 1014 3523 chanrldthorp,queestprrorrsetconrentusdeT
1036 3446 1355 3519 ornholm,auctor1tata

256 3527 373 3587 concilii
385 3524 527 3599 ordinata,
540 3527 673 3586 consistit
692 3527 726 3585 10
744 3532 808 3587 toto
828 3527 964 3604 altaragm
983 3531 1015 3586 et
1033 3529 1066 3588 in
1083 3530 1219 3589 omnibus
1233 3531 1355 3590 minutis

208 3613 214 3624 '
256 3607 616 3684 decimis,preterquamde
624 3608 1154 3681 instauroCanonicorum,etinmanso
1164 3616 1352 3687 competente

255 3688 401 3767 Percipiet
413 3693 511 3747 autern
526 3687 650 3748 vicanus
663 3684 723 3771 [so.
740 3686 807 3771 20¹³]
818 3710 836 3749 a
846 3690 991 3750 canonicis
1003 3691 1141 3768 predictis
1163 3692 1355 3769 quadraginta

255 3770 364 3830 solidos
376 3787 489 3829 annuos
501 3768 539 3827 ad
552 3775 676 3847 quatuor
694 3771 841 3844 terminos,
855 3771 992 3832 videlicet
1004 3771 1041 3830 ad
1054 3771 1190 3850 pascham
1203 3792 1224 3831 x
1237 3773 1354 3846 solidos,

255 3851 289 3910 10
308 3851 383 3910 iastc
403 3849 434 3910 S.
456 3849 478 3908 J
479 3849 603 3910 ohannis
623 3851 755 3928 Baptista
775 3871 797 3910 x
816 3853 933 3925 solidos,
953 3853 986 3910 in
1005 3852 1081 3912 festo
1107 3853 1138 3914 S.
1160 3853 1313 3912 Michaelis
1333 3871 1354 3913 x

256 3931 373 4004 solidos,
386 3930 418 3989 in
431 3929 506 3990 festo
526 3931 624 3990 Natal'
643 3932 767 3991 Domini
785 3952 808 3992 x
828 3933 943 3992 solidos
987 3932 1021 3994 Si
1034 3939 1131 3995 autem
1143 3953 1162 3994 a
1174 3935 1320 3994 solucione
1333 3955 1355 3994 x

171 4065 173 4068 .
256 4012 414 4071 solidorum
433 4011 531 4088 aliquo
551 4012 745 4089 predictorum
771 4016 961 4073 terminorum
987 4016 1160 4074 cessaverint
1179 4015 1228 4075 rel
1247 4015 1355 4075 vicario

255 4093 332 4153 infra
345 4111 386 4152 xv
399 4092 461 4151 dias
474 4094 619 4170 proximas
632 4099 786 4172 sequentes
803 4113 863 4154 non
876 4096 1075 4170 satisfecerint,
1090 4095 1203 4155 dabunt
1215 4115 1267 4172 pro
1280 4115 1356 4173 pena

256 4174 349 4234 eidam
369 4173 477 4233 vicano
503 4173 655 4234 dimidiam
680 4193 805 4235 marcam
824 4177 943 4254 argenti.
987 4177 1117 4236 Habebit
1143 4178 1233 4237 eciam
1260 4177 1356 4237 dictus

256 4255 380 4316 vicarius
403 4255 425 4332 ij
449 4273 528 4314 acras
554 4257 629 4314 t'erre
654 4254 688 4316 in
714 4273 774 4316 uno
800 4275 901 4335 campo
928 4263 957 4318 et
983 4257 1005 4334 ij
1030 4257 1063 4318 10
1086 4257 1152 4319 alio.
1195 4259 1235 4318 lit
1261 4259 1355 4320 solvet

256 4336 458 4398 tantummodo
471 4335 633 4412 synodalia.

381 4439 1231 4496 fflsmduduoithlsmmdbothsidnolflmlmdiimblankl.

747 4673 759 4709 0
