3246 5096
270 489 312 552 36
669 503 772 556 maun
793 503 970 567 sumanus

270 655 402 734 partibus
414 653 524 714 decime
538 651 690 732 garbarum
709 652 746 712 de
767 653 819 730 viij
834 651 955 730 virgatis
967 656 1041 712 terre
1055 652 1088 712 in
1101 671 1203 730 campo
1215 651 1253 712 de
1266 651 1369 712 Eueul'

270 742 301 796 at
319 738 353 796 in
372 735 491 795 decimis
510 734 633 794 duarum
652 734 828 812 virgatamm
846 733 881 794 in
900 752 989 810 parva
1012 732 1186 793 Whitefeud
1205 753 1272 794 cum
1291 734 1370 794 curia

270 817 381 878 Thome
394 815 431 875 de
444 815 621 876 Ermentiers
633 821 663 876 et
675 817 709 876 in
722 815 841 876 decimis
854 814 918 874 feni
930 819 961 875 et
973 813 1107 876 molend'.

334 993 484 1048 ενεΝιε,
532 978 648 1038 Vrcaria
673 979 707 1038 in
733 978 852 1038 ecclesia
877 977 914 1037 de
941 975 1046 1036 Euanl’
1072 997 1129 1054 que
1149 981 1194 1038 est
1214 977 1317 1056 prioris
1341 982 1371 1039 et

271 1065 432 1123 conventus
452 1060 489 1120 de
514 1060 687 1120 Huntedon’
706 1061 877 1120 auctoritate
897 1059 1013 1118 concilii
1032 1059 1166 1118 ordinata
1185 1060 1318 1120 consistit
1337 1060 1371 1118 in

272 1142 408 1203 omnibus
423 1142 650 1203 obvencionihus
664 1141 783 1200 decimis
803 1145 833 1200 et
853 1140 1053 1200 oblacionibus
1071 1140 1110 1200 ad
1128 1140 1210 1199 illam
1223 1140 1371 1200 ecclesiam

272 1223 486 1302 pertinentibus
506 1227 601 1301 preter
620 1223 746 1282 decimae
765 1223 917 1299 garbarum
937 1226 968 1280 et
987 1221 1049 1280 feni
1068 1225 1098 1280 et
1117 1226 1212 1299 preter
1231 1227 1321 1281 terras
1341 1227 1370 1282 et

274 1305 399 1365 decimas
408 1305 486 1364 curie
494 1303 831 1364 canonicorumliunted’
839 1303 873 1361 iu
882 1301 981 1362 eadem
989 1302 1067 1362 villa
1090 1301 1233 1364 Consistit
1241 1303 1371 1362 eciamiu

273 1385 393 1445 decimis
405 1386 458 1462 viij
473 1387 649 1463 virgatamm
660 1388 735 1443 terre
747 1385 781 1444 in
794 1401 895 1460 campo
906 1383 943 1442 de
953 1383 1111 1444 Cherleton
1119 1402 1177 1461 que
1187 1389 1319 1462 spectant
1333 1383 1371 1443 ad

272 1469 366 1544 ipsam
380 1466 528 1526 ecclesiam
542 1465 579 1525 de
592 1465 695 1524 Euenl’
710 1471 739 1526 et
759 1467 792 1525 iu
805 1464 959 1525 duodecim
971 1465 1045 1524 acris
1057 1467 1132 1524 terre
1145 1483 1217 1542 quaa
1230 1465 1371 1524 Ricardus

272 1547 312 1607 lil’
326 1547 433 1607 Matill'
446 1548 543 1606 tenuit
556 1550 586 1605 et
605 1547 637 1605 in
657 1565 758 1606 manso
777 1566 795 1606 a
815 1563 904 1623 parva
923 1549 1007 1622 porta
1025 1546 1155 1622 ipsorum
1168 1547 1372 1606 canonicorum

273 1647 330 1707 que
344 1628 426 1688 ducit
438 1629 476 1688 ed
488 1628 637 1688 ecclesiam
649 1647 741 1704 usque
760 1627 799 1687 ad
811 1631 925 1704 portam
938 1627 1192 1704 septentrionalem
1205 1627 1369 1688 eorundem

274 1709 439 1770 Sustinebit
461 1714 558 1769 auum
581 1708 706 1768 vicarius
733 1709 831 1768 omnia
857 1726 943 1768 onera
962 1709 1055 1785 ipsius
1078 1708 1196 1768 ecclesie
1220 1708 1319 1768 debita
1341 1713 1372 1768 et

273 1797 411 1850 consueta
423 1795 519 1868 preter
532 1790 694 1866 hospicium
708 1789 915 1850 Archidiaconi
927 1789 1007 1866 quod
1021 1789 1152 1850 canonici
1165 1790 1369 1867 procurabunt

335 1965 524 2020 Μεῃετοκ,
564 1950 681 2012 Vinaria
693 1951 726 2010 in
739 1950 858 2012 eeclesia
877 1950 914 2010 de
934 1951 1067 2011 Merston
1086 1970 1143 2030 que
1156 1956 1200 2011 eet
1213 1951 1327 2012 abbatis
1342 1955 1372 2012 et

274 2038 434 2094 conventus
445 2031 474 2094 S.
486 2031 600 2092 Ehrulfi
610 2032 760 2092 exdudum
770 2031 902 2092 ordinata
911 2032 1045 2092 consistit
1054 2033 1087 2091 in
1096 2033 1233 2110 altaragio
1243 2033 1372 2110 ejusdem

273 2114 390 2175 ecclesie
411 2118 441 2173 et
459 2113 633 2190 capellarum
653 2113 804 2192 adipeam
829 2112 1041 2191 pertinencium
1061 2117 1091 2173 et
1110 2115 1233 2174 minutis
1253 2115 1373 2174 decimis

273 2195 365 2255 totius
378 2194 513 2272 parochie
532 2199 562 2254 et
581 2196 615 2254 in
634 2199 697 2254 tota
717 2195 828 2255 decima
847 2194 1000 2272 garbarum
1019 2193 1056 2254 de
1076 2194 1319 2256 Wauerkeworth
1336 2195 1374 2255 ad

273 2277 414 2354 prelatum
429 2274 577 2335 ecclesiam
596 2275 633 2335 de
653 2275 786 2336 Merston
804 2276 968 2353 pertinente
989 2280 1019 2335 et
1037 2277 1072 2335 in
1090 2295 1150 2336 una
1168 2278 1281 2355 virgata
1299 2281 1374 2336 terre

274 2377 341 2418 cunr
354 2375 454 2416 manso
470 2374 557 2434 quem
577 2355 650 2416 Rob’
671 2357 708 2416 de
727 2357 871 2416 Aorinton
887 2358 984 2416 tenuit
997 2361 1027 2416 et
1042 2358 1075 2415 in
1089 2357 1208 2417 decimis
1221 2357 1374 2436 garbarum

158 2493 160 2498 .
275 2438 313 2498 de
321 2437 689 2498 Middeltcnadeccleeium
698 2438 734 2498 de
742 2438 875 2499 Merston
885 2438 1113 2514 pertinentibus:
1127 2438 1374 2499 salviexxsolidis

273 2519 380 2580 annuis
392 2518 428 2578 de
442 2517 541 2578 eadem
555 2519 662 2579 vicena
673 2538 726 2596 per
744 2521 864 2578 manum
876 2519 977 2578 vicarii
998 2519 1114 2579 ecclesie
1128 2520 1165 2580 de
1178 2521 1310 2580 Merston
1323 2520 1375 2597 qui

274 2619 327 2678 pro
346 2604 474 2676 tempore
492 2599 581 2660 luerit
600 2600 720 2677 prelatis
746 2600 846 2660 abbati
866 2603 897 2659 et
916 2601 1074 2660 conventui
1093 2602 1298 2678 persolvendis
1340 2601 1374 2662 si

275 2687 372 2741 autem
402 2680 551 2759 contingat
579 2681 722 2758 predictos
749 2681 904 2740 monachos
931 2681 1010 2758 apud
1036 2681 1168 2742 Merston
1191 2684 1225 2742 iu
1250 2682 1374 2760 propriis

275 2762 377 2821 usibus
403 2762 631 2822 instauramenta
657 2761 762 2821 habere
783 2756 841 2839 ipsi
864 2761 1037 2822 monachia
1056 2767 1178 2840 precone
1198 2763 1375 2824 decimarum

275 2843 392 2902 illorum
411 2843 704 2903 instauramentorum
723 2848 809 2902 erunt
828 2843 980 2902 immunes.
1024 2843 1064 2904 Et
1077 2844 1234 2906 sustinebit
1249 2844 1374 2906 vicarius

276 2924 373 2984 omnia
387 2942 473 2984 onera
486 2924 567 2984 illius
580 2925 697 2985 ecclesie
710 2925 810 2984 debita
822 2928 853 2984 et
866 2927 1010 2986 consueta

336 3099 563 3155 ευιεοῃΑνε
604 3085 720 3146 Vicaria
740 3086 774 3145 in
793 3086 912 3146 ecclesia
931 3085 968 3146 de
988 3086 1147 3162 Sulegraua
1158 3105 1216 3164 que
1228 3086 1331 3164 prioris
1345 3090 1374 3146 et

276 3172 437 3227 conventus
452 3167 481 3228 S.
497 3167 614 3228 Andree
634 3168 666 3228 N
667 3167 861 3245 orthampton'
875 3169 1046 3228 auctoritate
1059 3167 1175 3228 concilii
1188 3169 1230 3228 sic
1243 3167 1376 3227 ordinata

276 3252 327 3309 est.
383 3246 517 3308 Vicariua
550 3249 671 3309 habebit
705 3249 823 3309 nomine
855 3249 962 3310 vicarie
993 3267 1044 3308 sue
1077 3253 1172 3308 toturn
1205 3249 1376 3326 altaragium

277 3334 307 3387 et
327 3332 417 3388 totam
437 3333 543 3389 terram
566 3329 742 3390 dominicam
769 3330 886 3390 ecclesie
905 3331 931 3390 si
951 3329 1047 3390 valeat
1066 3349 1156 3390 unam
1181 3349 1305 3390 marcam
1325 3348 1376 3406 per

276 3428 403 3470 annum:
424 3409 555 3488 alioquin
574 3412 760 3488 provideatur
773 3413 800 3471 ei
812 3431 864 3488 per
883 3411 1129 3471 Archidiaeonum
1149 3411 1375 3488 Northampton'

278 3508 369 3567 usque
383 3491 421 3550 ad
433 3491 592 3554 selenciam
606 3492 695 3553 unius
708 3510 801 3551 marce
811 3512 927 3553 annue:
948 3497 977 3552 et
987 3493 1081 3553 solvet
1091 3493 1214 3552 vicerim
1224 3491 1374 3565 sinodalia,

278 3571 413 3632 monaehi
425 3590 494 3632 vero
507 3573 670 3650 hospicium
683 3573 888 3634 Archidiaconi
901 3574 1107 3650 procurabunt.

339 3746 547 3802 ΝευΒοτιΕ,
587 3733 704 3794 Vicaria
722 3734 756 3794 iu
776 3734 894 3796 ecclesia
913 3735 950 3795 de
970 3734 1117 3795 Naubotle
1137 3754 1194 3812 que
1212 3740 1256 3796 est
1274 3734 1377 3812 prioris

279 3816 309 3873 et
336 3818 498 3875 conventus
531 3813 716 3892 Duuestapll’
743 3815 893 3875 exdudum
927 3816 1061 3876 ordinata
1092 3817 1225 3876 consistit
1253 3818 1286 3877 in
1314 3821 1376 3876 toto

278 3895 413 3974 altaragio
440 3913 507 3956 cum
533 3895 656 3956 minutis
685 3895 805 3956 decimis
831 3901 861 3956 et
886 3898 919 3957 iu
945 3897 1092 3976 mesuagio
1119 3902 1149 3958 et
1175 3897 1267 3958 crofta
1290 3899 1378 3975 juxta

278 3977 453 4037 cimiterium
466 3995 533 4036 cum
546 3977 605 4036 suis
618 3977 805 4055 pertinenciis
818 3981 848 4036 et
861 3978 954 4038 solvet
964 3979 1089 4039 vicarius
1099 3978 1241 4039 sinodalia
1250 3983 1374 4052 tantum,

280 4057 420 4119 Canonici
447 4063 546 4118 autem
572 4062 666 4118 cetera
689 4077 776 4118 onera
798 4058 890 4136 ipsius
914 4059 1032 4118 ecclesie
1059 4060 1157 4120 debita
1183 4065 1213 4119 et
1240 4063 1377 4120 consueta

280 4138 474 4200 sustinebunt.
523 4137 545 4199 J
546 4139 671 4200 ordanus
684 4145 781 4200 autem
793 4139 920 4200 vicarius
932 4140 1087 4200 institutus
1100 4145 1143 4202 est
1156 4142 1237 4202 salvo
1251 4159 1284 4200 eo
1298 4139 1378 4218 quod

280 4219 306 4279 si
320 4218 455 4280 domiuus
469 4219 630 4299 Episcopus
646 4240 697 4298 per
712 4221 862 4280 arctiorem
880 4221 1101 4298 inquisicionem
1121 4223 1214 4299 possit
1233 4222 1377 4298 inquirere

280 4299 417 4360 vicariam
425 4301 583 4378 predictam
592 4321 653 4362 esse
663 4301 761 4361 miuus
771 4301 961 4362 sufficientem
970 4303 1128 4362 constituet
1138 4321 1199 4362 eam
1209 4302 1378 4379 ampliorem

280 4381 439 4442 secundum
452 4382 667 4447 estimacionem
681 4383 771 4444 totius
784 4383 917 4446 beneficii
930 4389 960 4444 et
973 4382 1052 4444 valet
1065 4384 1172 4444 vicaria
1185 4381 1306 4468 [bacea
