3246 5096
289 511 333 576 84
675 523 781 580 um
802 523 980 592 mouns

351 686 511 744 orsurus
532 687 597 752 aa.
620 685 927 744 soarssrssrouu
953 673 1070 735 Viesria
1082 674 1116 734 in
1128 673 1247 736 culeos
1259 673 1390 734 omnium

291 759 463 818 enatorum
489 751 715 832 Northampton’
735 772 793 832 quo
819 757 863 814 ost
889 755 1097 816 monachorum
1120 755 1150 818 S.
1175 755 1292 816 Andrso
1317 753 1392 814 Nor·

288 838 455 916 tbsmpton'
467 835 639 897 auomritoto
658 835 775 895 oonoilii
793 834 934 896 ordinata
976 835 1111 898 Viaarius
1130 836 1253 897 hsbabit
1273 837 1391 896 nomina

289 919 397 982 ribaria
409 936 461 978 sus
473 936 568 976 unum
580 915 741 976 corrodium
754 916 924 977 monsohsls
939 917 1120 978 ootidiauum
1133 919 1167 978 in
1178 917 1329 978 refectorio
1342 917 1392 977 val

290 1002 324 1062 in
337 998 571 1140 oamsranppiipris
589 997 639 1058 val
631 997 730 1138 nffi
751 996 954 1138 uffibpplpsrit
972 1005 1007 1093 ‘ot
1026 1000 1154 1094 sarriens
1174 1019 1245 1059 suus
1257 998 1391 1138 similtitor

290 1100 384 1142 unum
410 1099 444 1140 oo
520 1098 572 1138 um
597 1097 630 1139 oo
730 1097 747 1138 a
871 1098 883 1138 1
928 1098 1017 1140 umus
1043 1099 1091 1140 ma
1103 1100 1186 1140 orum
1212 1099 1326 1140 sermon
1339 1097 1391 1138 um

291 1165 435 1242 prioratus
458 1165 488 1220 st
511 1177 598 1220 xxxs.
622 1178 736 1220 annuos
757 1177 811 1237 pro
834 1160 989 1238 stipendiis
1012 1165 1042 1221 ot
1063 1101 1192 1238 plosores
1214 1161 1248 1220 in
1267 1165 1391 1238 quatuor

290 1243 500 1323 principalibus
521 1241 605 1300 fastis
618 1239 797 1300 oblaoionom
809 1241 920 1301 soiliost
931 1241 965 1301 in
977 1242 1109 1319 quolibet
1121 1242 1195 1302 fasto
1209 1240 1269 1319 vjd.
1313 1241 1391 1300 Item

291 1325 476 1385 medietatam
489 1321 609 1382 sooundi
628 1322 724 1398 legati
767 1321 845 1380 Itom
864 1322 996 1398 quolibet
1015 1323 1063 1382 dis
1082 1322 1228 1383 dominius
1242 1322 1391 1382 residuum

290 1406 375 1484 panis
394 1403 548 1464 bansdioti
599 1403 677 1462 Item
689 1421 780 1480 quum
794 1402 950 1464 oolobrabit
962 1423 1015 1480 pro
1028 1423 1145 1482 oorporo
1157 1405 1285 1481 prasenti
1297 1403 1346 1463 vol
1358 1404 1392 1462 in

290 1490 440 1547 oontrsotu
453 1483 624 1562 nupciarum
637 1503 729 1543 unum
743 1483 902 1544 donarium.
943 1485 1083 1546 Monaohi
1096 1485 1284 1546 sustinebunt
1294 1485 1391 1546 omnia

291 1586 379 1628 onora
398 1571 428 1628 st
446 1566 600 1627 inveniant
619 1565 680 1624 suis
699 1565 864 1642 sumptibus
884 1564 958 1626 duos
977 1567 1140 1644 oapsllnnos
1159 1566 1193 1626 in
1212 1566 1391 1644 adjutorium

291 1649 393 1710 vicarii
406 1653 436 1709 at
449 1647 566 1707 olorioos
579 1647 666 1706 distis
679 1645 834 1723 capellanis
843 1647 1024 1708 nooassarios
1065 1647 1150 1708 Idam
1159 1653 1257 1708 autom
1266 1646 1391 1708 vioarius

292 1729 434 1808 aamllani
443 1733 474 1789 ot
481 1727 577 1788 olorioi
583 1729 782 1804 juramentum
789 1727 961 1804 prostabunt
968 1728 1055 1789 diotis
1064 1729 1154 1807 priori
1161 1733 1190 1789 ot
1197 1726 1391 1789 monaohisda

291 1809 433 1872 fidolitsto
446 1811 488 1870 ais
501 1807 680 1870 observanda
692 1809 725 1868 iu
737 1807 952 1885 temporalibus

353 2012 385 2066 s.
425 2009 610 2075 sonuum.
648 2008 954 2064 somnamsroun
1002 1994 1120 2057 ursaria
1151 1980 1185 2056 i‘n
1217 1995 1336 2058 sunau
1358 1995 1390 2056 ε.

292 2077 443 2139 Edmundi
470 2076 696 2154 Northampton'
725 2093 783 2154 quo
816 2079 860 2136 ost
887 2075 1044 2138 eorundem
1074 2079 1243 2138 auotoritato
1276 2077 1392 2137 aoncilii

292 2159 425 2221 ordinata
450 2163 495 2220 ost
520 2160 570 2218 sio
626 2157 760 2218 Viosrius
793 2157 915 2218 babebit
947 2159 1065 2218 nomino
1089 2159 1196 2220 vicaria
1222 2177 1274 2218 sus
1299 2163 1392 2218 totam

292 2241 440 2302 aoolssiarn
452 2240 534 2300 illam
546 2238 686 2301 solvendo
700 2239 838 2316 prodictis
849 2240 1000 2300 monaohis
1012 2259 1077 2300 xxa
1099 2239 1136 2300 da
1151 2239 1253 2300 sudem
1265 2244 1296 2300 at
1308 2241 1393 2299 susti-

291 2322 389 2383 nendo
403 2321 502 2382 omnis
514 2340 601 2382 ouora
611 2320 742 2398 ejusdem
752 2319 870 2380 aoolasm
882 2320 983 2380 debita
992 2325 1022 2381 st
1031 2325 1176 2382 consueto.
1212 2321 1252 2381 ut
1262 2321 1393 2398 provido·

291 2403 368 2464 bunt
380 2401 515 2464 monaehi
527 2403 636 2463 vioario
648 2402 725 2462 siam
737 2405 768 2462 st
781 2401 917 2462 omnibus
930 2401 995 2462 oliis
1009 2402 1046 2463 da
1059 2421 1160 2463 manso
1174 2409 1363 2481 oompotanto.

352 2605 384 2660 S.
419 2601 603 2667 ΘΗΕΘΟΗΙΙ,
641 2602 946 2657 ΝΟΗΤΗΑΜΡΤΟΝΕ
993 2588 1110 2650 Viusris
1142 2590 1175 2649 in
1209 2587 1329 2650 ecelesia
1361 2587 1390 2651 S.

293 2667 425 2747 Grsgorii
436 2666 663 2743 Northampton’
671 2684 727 2744 qua
735 2671 779 2726 ost
787 2667 944 2727 oorundom
953 2671 1125 2731 auctoritato
1135 2671 1251 2730 oonoilii
1260 2670 1394 2731 ordinata

293 2756 338 2812 ast
348 2752 397 2812 sio.
432 2747 568 2808 Vioarius
578 2746 700 2808 habebit
709 2748 828 2807 nomino
837 2747 943 2808 vicario
957 2769 1007 2812 suo
1020 2753 1077 2812 sibi
1090 2753 1124 2811 in
1135 2752 1286 2812 rofaotorio
1299 2751 1392 2812 rolin

293 2850 405 2894 samara
413 2829 517 2908 prioris
524 2833 623 2888 utrum
634 2827 759 2889 voluerit
768 2847 861 2889 unum
870 2831 1031 2893 corrodium
1040 2834 1208 2894 monachale
1222 2839 1252 2894 ot
1265 2833 1394 2912 garcioni

294 2933 347 2974 suo
358 2931 451 2974 unum
462 2910 623 2971 oorrodium
632 2910 773 2988 garaionis
783 2915 813 2970 ot
824 2910 896 2970 duas
904 2929 1012 2974 marcas
1020 2933 1191 2992 aunusapro
1199 2915 1354 2993 stipendiis
1364 2918 1394 2973 at

295 2991 537 3056 inoblaoionibus
548 2996 578 3051 at
586 2991 712 3052 sooundo
722 2991 816 3070 legato
827 2992 1092 3072 stinsponsalibus
1102 3001 1132 3055 ot
1141 3014 1258 3074 oorpore
1268 2995 1395 3073 prasenti

294 3081 330 3137 ut
342 3094 429 3154 supra
441 3075 474 3133 in
486 3073 593 3134 vicaria
601 3072 742 3134 Omnium
751 3073 930 3135 Sanctorum
972 3076 1114 3137 Monaohi
1122 3095 1191 3137 vero
1201 3077 1299 3136 omnia
1307 3095 1396 3136 onera

296 3155 484 3218 sustinebunt
496 3159 532 3215 ut
544 3171 649 3232 supra:
670 3158 700 3215 ot
713 3159 758 3215 ost
770 3154 814 3214 ibi
824 3155 934 3234 oapolla
943 3155 972 3218 S.
984 3157 1095 3218 Thoms
1104 3176 1162 3236 quo
1172 3175 1234 3218 non
1243 3157 1395 3218 consuevit

297 3235 670 3314 deservirinisidograoia

358 3437 389 3491 S.
419 3432 698 3497 samrloaomtr.
726 3433 1034 3489 mmmmm·
1072 3424 1190 3486 Vicaris
1217 3425 1251 3484 in
1277 3424 1395 3485 eeclesia

300 3504 330 3567 Β.
349 3503 547 3566 Bartholomoi
560 3502 592 3562 N
592 3502 787 3580 orthampton'
799 3522 856 3580 qus
869 3508 914 3564 ost
927 3505 1083 3566 aorundom
1096 3505 1266 3567 auctoritato
1279 3506 1396 3566 aoncilii

301 3587 434 3652 ordinata
446 3589 489 3645 ast
502 3584 551 3644 sia
593 3581 728 3644 Vioarius
740 3583 862 3644 habebit
874 3586 993 3645 nomina
1012 3586 1120 3647 vinaria
1131 3606 1183 3647 suo
1202 3590 1294 3646 totam
1313 3585 1396 3646 illum

299 3666 449 3728 soolasiam
467 3663 616 3725 reddendo
636 3663 706 3724 inda
725 3667 877 3725 annuatim
896 3665 983 3727 distis
1003 3668 1152 3728 monaobis
1170 3669 1183 3727 i
1207 3667 1312 3728 libram
1334 3667 1396 3728 nlbi

300 3748 413 3810 inosnsi
425 3751 454 3808 ot
468 3745 566 3807 omnia
578 3763 666 3806 onara
677 3745 759 3806 illius
772 3746 889 3807 aoalasio
901 3747 1082 3811 sustinendo.

360 3949 392 4005 s.
421 3947 539 4011 soron,
567 3945 873 4002 uosrsamrroru
914 3934 1031 3996 vicaria
1049 3936 1083 3995 in
1102 3934 1227 4018 ecclesia
1242 3933 1271 3996 S.
1297 3933 1397 4010 Egidii

299 4013 526 4092 Northampton'
540 4032 597 4090 qus
611 4018 655 4074 ost
668 4014 826 4074 eorundem
838 4017 1008 4076 auctoritato
1022 4016 1138 4077 conoilii
1151 4015 1283 4076 ordinata
1291 4021 1334 4075 ost
1345 4016 1394 4075 sia

298 4097 433 4157 Viaarius
446 4094 567 4155 habebit
581 4095 699 4155 nomina
713 4095 819 4155 vicaria
832 4114 883 4156 suo
896 4101 989 4156 totum
998 4098 1079 4157 illam
1089 4098 1237 4158 aaolasiam
1250 4095 1397 4156 reddendo

300 4177 371 4238 inda
397 4177 484 4236 distis
505 4175 654 4236 monaolris
673 4177 826 4236 annuatim
845 4178 888 4254 xij
909 4196 1019 4239 morans
1038 4179 1065 4238 si
1084 4179 1245 4256 capitulum
1264 4175 1397 4238 Linooln’

301 4258 429 4318 noluerit
439 4257 480 4317 eis
491 4256 687 4334 oonfirmaroij
698 4277 807 4318 mareas
816 4258 850 4318 in
860 4261 990 4338 proprios
997 4279 1068 4320 usus
1076 4259 1210 4320 similitor
1219 4277 1287 4319 oum
1296 4276 1398 4336 squas

301 4339 382 4418 prius
394 4337 506 4398 habant
518 4338 552 4398 in
564 4337 673 4398 eadam.
