3246 5096
637 467 795 524 nouom
816 468 941 524 Wlffl.
1302 449 1344 518 17

305 627 594 685 motet-totvm
620 615 738 682 Vicetia
756 618 789 680 iu
808 617 927 678 ecclesie
946 615 984 678 de
1002 615 1200 680 Hedeshom
1219 636 1278 696 que
1296 623 1342 680 est

241 701 376 780 priorisse
388 705 418 762 et
430 699 601 760 monialium
617 698 654 760 do
667 700 804 761 idmlewe
818 695 938 782 [hianti

302 871 492 928 wioumns.
518 860 635 922 Vicetia
646 860 680 922 in
693 860 811 921 ecclesie
830 859 867 920 de
880 859 1036 920 Wicumbe
1056 879 1112 938 que
1125 864 1170 922 est
1181 860 1341 924 Abbetisse

243 948 274 1005 et
287 943 458 1034 moniuiium
471 942 508 1002 de
521 941 694 1003 Godestowe
702 942 873 1002 auctoritate
885 941 1001 1001 concilii
1014 941 1146 1003 ordinate
1159 947 1203 1003 est
1215 943 1249 1002 in
1261 943 1341 1004 hunc

243 1025 371 1086 modum.
413 1023 549 1085 Vicerius
567 1023 689 1084 hebebit
707 1023 826 1082 nomine
839 1019 895 1104 [so.
911 1019 958 1105 δῖ’]
972 1021 1078 1082 viceris
1090 1041 1142 1083 sue
1154 1023 1340 1086 medietatem

243 1108 374 1166 omnium
387 1105 570 1166 oblecionum
588 1110 617 1164 et
631 1105 844 1165 obvenciouum
862 1102 961 1163 nitens
981 1122 1048 1163 cum
1067 1107 1130 1164 tote
1142 1104 1253 1164 decime
1266 1106 1342 1167 cosei

242 1191 273 1248 et
285 1187 421 1248 omnibus
433 1186 497 1246 ovis
509 1187 542 1246 in
554 1185 655 1263 vigilie
667 1184 773 1264 pasche
786 1184 824 1245 ed
835 1185 930 1262 ipsam
939 1183 1087 1244 ecclesiam
1099 1186 1340 1262 provenientibus

242 1274 273 1329 et
292 1269 428 1328 omnibus
447 1266 567 1326 decimis
587 1285 723 1328 sucorum
745 1269 775 1326 et
797 1266 831 1326 iu
853 1265 990 1326 omnibus
1015 1265 1135 1326 decimis
1154 1267 1340 1343 gerdinorum

242 1349 319 1409 infre
328 1349 459 1426 Burgum
469 1348 597 1424 exceptis
607 1347 807 1407 oblacionibus
817 1351 846 1406 et
856 1346 1085 1407 obvencionibns
1093 1352 1217 1424 quatuor
1227 1348 1341 1410 dierum

241 1449 294 1508 per
306 1449 417 1490 cunum
429 1428 539 1488 scilicet
553 1426 612 1488 diei
628 1427 840 1506 puiificeciouie
860 1428 920 1488 diei
939 1445 1106 1506 pemscevss
1119 1427 1180 1488 diei
1192 1429 1297 1506 pasche
1311 1434 1341 1491 et

242 1511 302 1572 diei
314 1509 502 1571 exultecionis
513 1509 618 1570 Seucte
628 1509 729 1572 Crucis
739 1514 769 1569 et
782 1509 911 1586 exceptis
925 1508 1061 1569 omnibus
1074 1509 1194 1568 decimis
1206 1509 1273 1570 lune
1285 1511 1341 1572 lini

102 1649 110 1662 ,
241 1609 381 1671 agnorum
394 1590 583 1669 percellomm
596 1595 630 1650 et·
638 1589 798 1651 vitulorum
817 1608 884 1650 cum
896 1589 1009 1650 vitulus
1021 1591 1133 1668 integer
1146 1590 1296 1652 obvenerit
1310 1597 1340 1654 et

242 1674 370 1752 exceptis
390 1671 526 1732 omnibus
545 1671 665 1731 decimis
688 1671 837 1732 fruetuum
856 1670 1042 1748 gerdinorum
1062 1677 1092 1731 et
1112 1675 1240 1732 ortorum
1259 1677 1342 1734 extre

242 1754 373 1832 Burgum
386 1759 416 1814 et
428 1757 491 1813 tote
504 1753 616 1812 decime
628 1752 779 1812 ceruorum
791 1752 844 1829 qui
853 1751 892 1811 ed
901 1751 1028 1812 officium
1037 1751 1183 1812 fullonum
1192 1754 1341 1830 pertinent

241 1839 304 1895 tem
316 1835 393 1895 inire
405 1835 536 1912 Burgum
555 1851 644 1911 quem
663 1837 745 1893 extre
764 1833 894 1910 exceptis
913 1833 1004 1893 eciem
1022 1833 1157 1894 omnibus
1176 1835 1240 1896 ovis
1258 1839 1341 1896 extre

240 1917 372 1994 vigilium
384 1915 490 1993 pasche
502 1914 540 1975 od
549 1915 643 1992 ipsum
652 1913 802 1975 ecclesium
811 1914 1049 1992 provenientibus
1062 1917 1091 1975 et
1101 1915 1182 1974 omni
1191 1915 1341 1978 oblacione

242 1997 360 2057 candele
379 2015 435 2074 ner
457 2001 553 2056 totum
575 2015 686 2055 cunum
709 1999 805 2074 preter
828 1994 977 2055 ceudelem
1000 2014 1057 2073 que
1080 1997 1215 2073 provenit
1236 1996 1341 2058 diebus

241 2078 394 2138 dominicis
414 2076 453 2138 ud
472 2077 562 2138 uitare
584 2095 650 2137 cum
673 2094 749 2154 pene
771 2075 978 2136 benedicendo.
1020 2075 1085 2152 Quo
1098 2077 1197 2137 omnio
1209 2079 1341 2154 superius

240 2165 362 2237 excepto
371 2159 409 2219 ed
417 2158 606 2220 Abbatissem
614 2162 644 2218 et
653 2156 797 2218 Mouiules
807 2157 845 2218 de
855 2157 1012 2218 Godestow
1020 2158 1132 2235 integre
1141 2158 1338 2236 pertinebunt

241 2239 375 2300 Vicerius
387 2244 485 2300 eutem
498 2239 619 2299 hebebit
632 2257 766 2299 mensum
785 2239 814 2298 ei
833 2239 1010 2316 assignatum
1023 2239 1061 2298 eb
1074 2239 1224 2300 occidente
1236 2239 1341 2301 domus

240 2321 397 2382 Abbatissc
417 2325 448 2381 et
466 2321 560 2382 solvet
578 2320 722 2382 sinodalis
741 2324 772 2380 et
791 2319 935 2381 Monieles
953 2319 1117 2398 hospicium
1132 2320 1340 2383 Anchidieconi

240 2401 444 2482 procumbunt

300 2573 503 2628 ΤΥΒΕΡΕυΟ.
530 2561 646 2625 Vtceris
657 2563 691 2624 iu
704 2563 823 2626 ecclesie
835 2563 873 2624 de
885 2563 1029 2642 Tyreseud
1042 2582 1100 2642 que
1113 2567 1157 2624 est
1169 2564 1296 2626 Abbetis
1309 2571 1340 2626 et

241 2643 411 2708 Conventus
431 2645 468 2705 de
492 2645 522 2707 S.
544 2645 661 2706 Albano
679 2646 850 2708 auctoritato
863 2645 979 2706 concilii
991 2645 1124 2706 ordinato
1143 2646 1241 2706 est-in
1260 2647 1340 2708 hunc

239 2727 368 2788 modum.
403 2725 539 2786 Vicerius
548 2726 967 2788 hebebitnomineviceriesue
977 2731 1073 2788 totum
1080 2726 1250 2805 eltereginm
1258 2728 1340 2789 iilius

239 2809 357 2868 ecclesie
370 2827 437 2868 cum
449 2808 568 2868 redditu
583 2809 672 2868 essiso
692 2813 722 2870 et
742 2814 804 2869 tote
823 2815 899 2868 tene
918 2807 1064 2868 dominice
1077 2808 1208 2885 ejusdem
1220 2810 1339 2870 ecclesie

239 2894 349 2949 etcum
362 2908 463 2949 menso
481 2894 662 2966 competente
682 2889 710 2950 ei
729 2887 902 2967 assignando
921 2892 952 2949 et
971 2889 1128 2950 sustinebit
1141 2889 1239 2950 omnis
1252 2909 1339 2950 cneco

239 2971 383 3030 ordinarie
395 2971 494 3030 debite
506 2974 537 3030 et
556 2975 693 3031 consuete
710 2971 791 3031 illius
811 2970 928 3030 ecclesie
947 2975 1043 3048 preter
1062 2971 1225 3049 hospicium
1237 2971 1340 3032 Archi·

239 3051 353 3112 diaconi
366 3052 447 3130 quod
458 3051 594 3113 monachi
606 3051 730 3129 predicti
742 3051 946 3131 procurabunt

299 3221 528 3278 momentu.
554 3213 672 3274 Vicerie
683 3213 717 3273 in
729 3212 848 3275 ecclesis
860 3213 897 3274 de
910 3211 1097 3274 Medmehem
1109 3211 1269 3291 pmochieli
1282 3232 1339 3292 que

239 3298 283 3354 est
296 3294 422 3355 Abbetis
441 3299 471 3354 et
490 3299 650 3355 convontus
672 3293 745 3355 Gist’
768 3294 878 3354 ordinis
900 3294 1011 3355 ibidem
1033 3295 1204 3355 auctoritate
1222 3296 1339 3355 concilii

238 3375 371 3435 ordinate
384 3376 516 3436 consistit
542 3376 575 3436 in
600 3379 664 3435 toto
677 3375 813 3452 eltsregio
836 3375 929 3454 ipsius
955 3374 1072 3435 ecclesie
1098 3380 1129 3436 et
1154 3375 1189 3436 in
1216 3376 1337 3438 decimis

238 3457 389 3596 {cuborum
401 3457 489 3516 unius
502 3455 572 3516 hide
584 3475 672 3534 quem
685 3455 832 3517 Redulius
844 3455 882 3516 de
901 3455 1088 3516 Medmehem
1104 3461 1134 3516 et
1146 3460 1279 3518 tenentes
1291 3460 1339 3518 sui

268 3543 340 3597 nent
353 3541 384 3598 et
396 3538 429 3596 in
442 3537 561 3598 decimis
574 3537 695 3598 dimidie
713 3537 824 3616 uirgato
843 3555 931 3615 quem
949 3537 1029 3597 idem
1048 3537 1194 3598 Redulios
1206 3542 1288 3600 tenet
1301 3539 1338 3600 de

237 3622 313 3678 terro
332 3619 376 3698 de¹
387 3618 526 3679 Witen'io
545 3625 575 3679 et
594 3619 628 3679 in
647 3617 766 3680 decimis
786 3619 907 3679 dimidie
926 3618 1039 3696 virgata
1057 3623 1132 3679 terre
1151 3636 1240 3696 quem
1258 3620 1339 3681 idem

238 3697 382 3760 Reduliue
394 3703 476 3760 tenet
489 3699 527 3760 de
538 3699 656 3760 Abbete
668 3699 706 3760 de
719 3699 907 3760 Medmehem
925 3704 956 3760 et
968 3705 1089 3760 vocetur
1101 3699 1248 3761 Mullond'
1262 3705 1292 3761 et
1303 3702 1337 3763 in

238 3779 358 3840 decimis
371 3781 459 3841 unius
468 3780 578 3859 virgete
588 3800 677 3858 quem
685 3780 836 3844 Johsnnes
846 3786 876 3843 et
885 3781 1011 3842 ditemus
1021 3781 1058 3842 de
1068 3781 1193 3842 Redeslo
1204 3781 1338 3843 homines

237 3860 351 3921 obbatis
364 3861 400 3921 de
413 3861 600 3922 Medmehnm
613 3867 714 3922 tenent
734 3867 764 3922 et
783 3861 906 3922 dimidie
925 3881 989 3923 ecre
1008 3864 1085 3941 preti
1104 3864 1137 3923 in
1157 3861 1337 3924 Cherlemsd’

237 3942 397 4002 secundum
410 3943 490 4019 quod
502 3943 560 4003 iore
574 3942 696 4021 singulis
709 3943 795 4004 ennis
814 3943 936 4004 eandem
955 3943 1110 4006 contulerit
1130 3948 1160 4005 et
1175 3943 1209 4004 in
1222 3944 1337 4005 duobus

236 4024 310 4084 ocris
322 4029 396 4084 terre
409 4023 526 4084 erabilis
539 4044 605 4085 cum
617 4043 718 4086 menso
731 4027 921 4104 competente

297 4193 538 4252 ΟΗΑιΒΗυΝΤ.
564 4185 682 4247 Vicerie
693 4187 727 4248 in
740 4185 859 4256 ecclesie
871 4186 909 4247 de
919 4185 1086 4249 Ohnlshunt
1097 4204 1155 4264 que
1168 4190 1213 4247 est
1222 4185 1337 4248 obbatis

236 4269 267 4328 et
289 4271 451 4328 conventus
474 4265 511 4327 de
533 4267 709 4329 Messenden
731 4267 882 4328 exdudum
905 4268 1038 4332 eminete
1060 4268 1194 4334 consistit
1216 4269 1250 4330 in
1273 4273 1337 4331 toto

785 4369 807 4431 Β
923 4463 928 4474 ,
