3258 5096
268 461 310 524 50
657 475 761 528 Llllllll
782 476 960 540 muretus

329 637 594 696 ευΜεῃοοτεε
635 621 752 684 Viceric
770 625 804 685 in
824 625 942 686 ecclesis
962 624 999 686 de
1020 623 1201 686 Sumercotes
1222 623 1251 686 S.
1277 623 1370 686 Meris

266 709 399 770 consistit
425 709 459 767 in
485 711 548 768 tcto
575 703 714 782 eltemgio
741 725 807 766 oum
841 707 933 768 crofco
960 705 1135 784 assignando
1164 705 1253 766 solvis
1281 705 1370 768 dictis

265 791 402 868 mngistro
424 792 455 848 et
474 788 631 848 conventui
653 787 750 847 butiro
772 792 802 847 et
825 807 917 849 osseo.
956 787 997 849 Et
1019 787 1144 848 vinnm
1164 788 1366 849 tantummodo

266 873 360 933 solvet
370 869 523 948 synodalis
533 873 563 928 et
573 868 631 946 ipsi
641 868 777 948 megistos
786 873 816 928 et
826 873 987 930 conventus
997 869 1193 947 procumbunt
1202 868 1368 947 hospicium

267 949 912 1014 Archidicoonietoetereoneresustinebunt
954 950 1366 1012 Etcstvicerisvmcrcerum

330 1141 475 1196 Βιετοκ,
520 1123 638 1186 Vicoris
663 1125 697 1184 in
722 1123 842 1186 ecclesis
868 1124 905 1185 de
932 1124 1039 1185 Riston
1062 1143 1120 1201 que
1143 1127 1189 1184 est
1212 1124 1316 1203 prioris
1340 1129 1370 1187 ot

267 1213 429 1270 conventus
442 1206 480 1267 de
492 1205 608 1267 Torlree'
623 1201 744 1288 [blachi

330 1399 554 1455 ηιομεεῃοο,
601 1337 732 1444 vices
749 1384 784 1444 n
816 1383 935 1444 occsa
967 1381 1006 1444 os
1038 1381 1199 1446 mensuro
1232 1403 1291 1462 qus
1323 1387 1368 1446 ec

267 1467 382 1528 obbatis
396 1471 426 1527 et
440 1469 600 1526 conventus
612 1463 651 1526 de
663 1465 772 1526 Th0rre
787 1459 907 1548 [theorici

268 1722 289 1783 d
331 1653 539 1804 affimat„
570 1637 688 1699 Vic'crir
706 1639 739 1700 in
759 1638 877 1700 ecclesio
897 1639 935 1702 de
954 1639 1100 1702 Burewell
1119 1659 1177 1718 quo
1196 1601 1242 1700 est
1261 1659 1370 1701 eomm-

290 1741 336 1784 em
465 1767 473 1780 .

329 1895 528 1953 essisset
562 1876 719 1966 [michoi
762 1882 880 1943 vicaria
898 1885 932 1944 in
951 1883 1070 1944 molesia
1090 1883 1127 1944 da
1146 1881 1294 1964 chnoby
1312 1903 1369 1962 que

268 1970 313 2025 eet
333 1965 436 2043 prioris
449 1967 479 2022 et
492 1967 654 2024 conventus
673 1963 711 2024 de
732 1963 832 2041 Kyme
852 1965 986 2025 consistit
1005 1965 1038 2025 in
1060 1969 1124 2025 toto
1144 1965 1282 2043 eltnmgio
1303 1985 1370 2025 cum

267 2046 422 2106 medietate
435 2043 505 2104 tosti
517 2043 555 2103 ed
568 2045 716 2106 ecclesium
730 2046 903 2124 pertinentis
917 2052 946 2106 ot
959 2047 992 2106 in
1009 2045 1129 2108 decimis
1149 2045 1314 2107 molendini
1332 2066 1370 2106 cx

269 2126 441 2188 occidentali
450 2129 532 2203 perte
542 2125 620 2185 curie
633 2126 747 2186 domini
756 2127 889 2205 Philippi
903 2127 939 2187 de
952 2127 1053 2206 Kyme
1065 2133 1095 2187 et
1107 2128 1141 2187 in
1154 2129 1285 2206 quinque
1298 2129 1370 2188 coris

268 2210 346 2288 proti
364 2206 563 2286 spectantibus
582 2206 620 2267 cd
642 2209 764 2268 condem
785 2209 933 2268 ecolesism
953 2211 987 2268 in
1008 2209 1100 2286 pontis
1122 2209 1159 2269 de
1181 2208 1267 2270 Otoit
1288 2210 1371 2271 etin

268 2289 382 2351 duobus
403 2288 535 2366 portibus
558 2287 733 2348 decimarum
758 2289 839 2350 hledi
866 2290 904 2350 <le
923 2289 1054 2350 dominio
1074 2289 1148 2351 dicti
1173 2289 1307 2369 Philippi
1332 2291 1370 2350 <le
1422 2289 1425 2298 ‘

268 2371 375 2448 Kymn
418 2369 459 2428 Et
478 2369 603 2428 vicarius
622 2369 715 2430 solvet
736 2371 939 2431 tantummodo
959 2370 1111 2448 medelis
1130 2378 1160 2432 ot
1177 2371 1235 2449 ipsi
1247 2373 1326 2450 prior
1338 2377 1369 2432 et

156 2461 159 2468 “
269 2454 430 2512 conventus
460 2449 657 2528 procurabunt
683 2451 847 2530 hospicium
874 2451 1082 2513 Archidieconi
1107 2457 1138 2514 et
1164 2457 1258 2514 coiere
1284 2471 1370 2514 onere

267 2533 463 2594 sustinebunt.
505 2529 546 2590 Et
559 2535 603 2592 est
616 2531 723 2592 viceris
735 2552 757 2594 r
769 2551 937 2594 morcarum.

328 2719 463 2777 cnon.
497 2704 614 2766 Vicetia
622 2704 656 2766 in
666 2705 784 2767 ecclesio
794 2706 831 2768 de
841 2706 926 2770 croft
939 2725 996 2784 qne
1009 2712 1054 2767 ost
1066 2707 1224 2769 eorundem
1236 2708 1369 2770 consistit

266 2789 301 2849 in
322 2793 385 2850 toto
409 2787 545 2865 eltnmgio
569 2807 635 2847 cum
658 2788 734 2848 tofto
758 2808 859 2850 versus
882 2787 1091 2850 occidentalem
1110 2795 1223 2868 portem
1242 2791 1368 2866 ecclesie,

267 2870 356 2931 solvis
369 2869 456 2929 dictis
468 2868 558 2948 priori
571 2873 601 2928 et
614 2870 773 2929 conventui
792 2870 889 2930 butiro
910 2873 941 2929 et
960 2889 1060 2932 osseo:
1080 2873 1110 2930 ot
1129 2872 1254 2932 vicarius
1275 2872 1369 2932 solvet

268 2949 471 3012 tuntummodo
498 2949 649 3028 synodalis
675 2957 706 3011 ct
732 2951 790 3028 ipsi
823 2951 902 3029 prior
928 2955 958 3012 ot
986 2956 1147 3012 conventus
1173 2953 1370 3030 procurabunt

267 3032 431 3126 hospicium
450 3030 658 3092 Arohidisconi
678 3036 708 3092 ct
729 3033 828 3093 omnis
847 3033 905 3093 slis
924 3051 1010 3094 onere
1029 3034 1224 3095 sustmsbunu
1267 3035 1308 3094 Et
1325 3039 1370 3094 ost
1489 3107 1492 3112 Ι

268 3114 418 3190 vicenwj
434 3131 601 3173 morccrum

327 3305 463 3362 τΗοΒΡ,
494 3289 784 3352 Viocrisinecclesie
793 3291 831 3352 de
840 3290 938 3370 Thcrp
948 3311 1006 3370 quo
1015 3295 1060 3353 est
1069 3293 1227 3354 eorundem
1236 3293 1370 3354 consistit

267 3373 302 3433 in
314 3377 377 3434 toto
390 3373 527 3451 cltcregio
537 3392 603 3434 cum
612 3373 688 3434 tofto
701 3373 874 3452 assignando
883 3373 972 3434 solvis
986 3374 1051 3453 (cic)
1065 3375 1155 3452 priori
1167 3380 1198 3435 ot
1210 3376 1370 3436 conventui

267 3454 423 3514 medietate
436 3453 529 3514 butiri
541 3459 572 3514 et
585 3455 660 3514 ossei
672 3457 703 3514 et
715 3455 840 3516 vicarius
853 3453 947 3515 solvet
959 3456 1162 3516 tantummodo
1175 3455 1327 3533 synodalis
1339 3461 1369 3515 et

267 3536 326 3612 ipsi
348 3535 427 3613 prior
450 3539 480 3595 ot
503 3539 665 3596 convontus
691 3534 888 3612 procurabunt
913 3535 1078 3613 hospicium
1105 3537 1312 3598 Archidisconi
1339 3543 1369 3597 ot

267 3616 366 3677 omnis
379 3617 436 3677 nlio
448 3635 535 3677 onere
547 3615 741 3678 sustinebunt
782 3617 824 3676 Et
836 3621 881 3676 est
892 3617 1000 3677 vicarie
1011 3637 1033 3679 v
1045 3620 1212 3680 morcarum.

197 3779 267 3804 ⁸*
330 3804 516 3860 ενιΑῃεΒγ.
556 3788 674 3850 Vicsris
692 3790 725 3850 in
745 3789 864 3850 ecclesie
879 3789 916 3850 de
932 3789 1071 3869 Suereby
1083 3810 1141 3870 que
1155 3797 1200 3854 est
1212 3792 1370 3854 eorundem

268 3871 403 3933 consistit
425 3871 458 3930 in
480 3875 543 3931 toto
571 3871 710 3950 clteregio
736 3891 804 3932 cum
831 3872 906 3932 tofto
933 3872 1107 3952 assignando
1134 3879 1164 3934 et
1190 3875 1223 3934 in
1249 3874 1369 3935 decimis
1434 3903 1439 3913 ¹

268 3955 421 4032 garbarum
434 3953 471 4013 de
485 3955 568 4014 terris
585 3973 658 4032 ques
671 3952 816 4015 Redulfus
835 3952 872 4013 dc
894 3952 1054 4015 Stikewold
1074 3955 1107 4015 in
1120 3955 1219 4016 eedem
1234 3956 1370 4033 parochio

269 4034 377 4097 excolit
403 4033 440 4094 de
468 4033 596 4094 dominio
629 4035 723 4111 ipsius
749 4035 868 4096 Rodulfi
901 4054 958 4111 que
984 4035 1095 4096 decime
1122 4038 1324 4115 opprecisntur
1346 4038 1368 4114 ij

268 4115 361 4177 murc'.
404 4115 445 4174 Et
471 4115 597 4176 vicarius
622 4116 716 4176 solvet
740 4116 941 4176 tantummodo
966 4117 1118 4193 synodalia
1131 4124 1161 4178 et
1177 4119 1235 4197 ipsi
1248 4119 1369 4198 prioret

269 4201 432 4259 conventus
445 4197 641 4274 procurabunt
654 4197 817 4275 hospicium
835 4197 1044 4258 Archidieooni
1059 4203 1089 4260 ct
1102 4201 1201 4262 omnio
1213 4200 1271 4260 elis
1283 4217 1370 4260 onere

269 4278 465 4340 sustinebunt.
507 4277 547 4337 Et
561 4283 605 4338 est
617 4277 724 4337 moeris
737 4288 808 4338 tunc
821 4297 842 4339 v
855 4298 1022 4340 memorum.
