3246 5096
270 453 312 518 42
659 467 765 522 LIBER
785 468 964 531 ernanus

268 619 336 682 dam
355 617 560 680 racionsbilsm
579 614 618 676 ad
637 634 731 676 unum
749 615 924 694 palefridum
943 621 973 678 et
985 615 1107 677 bsbcbit
1120 616 1284 678 oblaciones
1296 619 1335 680 orl
1348 639 1370 680 v

267 701 426 762 leste-suni
439 699 550 760 scilicet
563 697 602 757 ed
621 697 728 758 festum
748 697 890 759 Omnium
910 699 1083 760 Sanctorum
1096 698 1137 758 id.
1152 699 1190 759 ad
1202 698 1291 760 natsl'
1303 699 1367 777 iijrl

266 782 305 844 ed
317 781 454 860 pescbam
466 779 518 858 iju
530 778 569 840 ed
582 778 783 840 Psntecostem
792 779 833 840 irl.
845 780 883 840 ed
892 779 1000 840 festum
1010 779 1127 840 ecclesie
1140 780 1180 840 id.
1191 800 1244 859 pro
1254 800 1370 860 corpore

368 862 395 923 ti
420 861 461 922 iol
495 879 548 940 pro
581 860 765 938 sponsalibus
797 859 838 921 id.
881 859 1023 922 Similiter
1056 859 1178 921 babebit
1209 862 1370 922 secuudum

328 951 401 1006 tuna
442 942 577 1003 Preteres
590 941 653 1020 ipss
672 941 798 1002 viarius
816 940 939 1003 bsbsbit
958 941 1031 1002 duas
1043 961 1154 1002 marcus
1166 945 1318 1003 mnuatim
1330 944 1369 1005 sd

265 1045 297 1088 se
319 1025 503 1087 vestiendum
526 1028 557 1084 et
580 1021 670 1082 abbas
689 1027 720 1083 ot
740 1027 902 1084 conuentus
924 1022 1122 1100 providebunt
1144 1043 1237 1084 unum
1259 1025 1369 1086 toltum

265 1111 349 1168 extru
360 1109 520 1186 prioratum
533 1108 564 1164 et
576 1103 774 1182 procurabunt
786 1103 949 1182 hospicium
960 1103 1155 1166 archidisconi
1168 1109 1199 1166 et
1211 1105 1269 1166 alie
1281 1124 1369 1166 onera

264 1188 484 1250 tamordinaris
495 1205 584 1265 quam
596 1184 824 1246 extraordinaris
835 1185 1031 1248 sustinebunt
1386 1187 1389 1192 '

325 1387 514 1445 ownesnv,
541 1370 658 1433 Vicaris
676 1372 710 1432 in
722 1371 842 1432 ecclesis
853 1371 891 1432 dc
906 1371 1047 1450 Owrssby
1067 1391 1124 1451 que
1144 1376 1188 1434 est
1207 1371 1311 1451 prioris
1329 1373 1367 1434 de

266 1457 359 1519 Cruce
371 1455 460 1516 Rccis
474 1451 599 1536 [blasti

326 1653 534 1710 ΕιιΕΘΗΑΜ.
582 1639 699 1699 Vioar'le
716 1639 751 1699 in
770 1639 889 1700 ecolsms
901 1639 938 1700 ds
952 1639 1122 1700 Hellssbum
1135 1659 1193 1719 que
1205 1645 1251 1700 est
1262 1641 1366 1718 prioris

265 1729 296 1786 st
305 1727 466 1784 conventus
476 1719 606 1798 ejusdem
616 1721 673 1780 loci
682 1721 929 1780 moestorrlinota
972 1721 1108 1782 Vicarius
1116 1720 1238 1782 babebit
1247 1723 1366 1782 nomino

264 1805 370 1866 vicarie
383 1801 542 1862 corrodium
552 1801 676 1862 duorum
685 1803 888 1862 canonicorum
897 1802 955 1863 sibi
965 1807 995 1863 st
1005 1799 1114 1863 decan'o
1124 1822 1177 1863 suo
1186 1803 1225 1863 ed
1237 1821 1367 1864 mensam

264 1887 368 1967 prioris
381 1891 410 1945 ct
423 1883 544 1943 babebit
556 1882 629 1942 duas
642 1901 750 1942 marces
770 1901 882 1942 anuum
895 1883 933 1943 ed
946 1884 1086 1944 vestitum
1098 1903 1192 1944 suum
1235 1884 1365 1945 Habebit

264 1969 355 2029 eciam
368 1965 529 2026 secundum
547 1963 675 2042 legatum
695 1973 725 2022 et
745 1963 908 2024 oblaciones
924 1966 1096 2025 constitutas
1108 1971 1144 2024 ut
1157 1965 1322 2026 continetur
1333 1965 1366 2024 in

265 2046 448 2110 ordinacione
467 2045 573 2105 vicarie
599 2044 636 2104 dc
669 2044 818 2123 Depingcs
846 2044 875 2105 S.
904 2046 1016 2107 Jacobi
1079 2046 1244 2106 Palslridus
1269 2050 1367 2107 autem

263 2124 1367 2205 ricariieritadforragr'umdictornmpriorisetoonvsntosctedprebendam

264 2209 422 2272 eorundem
431 2207 548 2285 quando
564 2206 601 2266 sd
614 2207 776 2284 capitulum
789 2212 819 2266 et
832 2208 865 2266 in
879 2208 1035 2269 eorundem
1048 2209 1151 2285 prioris
1161 2213 1192 2269 et
1200 2213 1363 2269 conventus

264 2292 390 2433 {egglibno
397 2289 594 2431 ppoficisoitup.
627 2289 682 2428 tElr
685 2307 744 2366 rpsr
753 2289 831 2382 prior
841 2289 1248 2431 pppcffipppctousprpvpllisssbunt
1258 2290 1369 2431 *iffi

286 2393 302 2434 s
402 2387 627 2431 eroourcun
683 2387 825 2429 osrcrum
1017 2389 1087 2430 me
1197 2389 1285 2430 onera

264 2453 409 2515 ordinaria
421 2389 510 2530 qllsm
523 2389 751 2510 extraordinaria
763 2451 958 2512 sustinebunt

327 2652 496 2708 κιῃκεεγ,
540 2637 656 2697 Vicaria
674 2635 708 2696 in
727 2637 847 2696 ccclesia
866 2636 903 2696 de
922 2636 1058 2715 Kirksby
1077 2655 1136 2716 quc
1154 2642 1198 2698 est
1217 2637 1321 2715 prioris
1336 2643 1366 2700 et

265 2724 426 2783 conventus
438 2719 476 2778 de
489 2717 659 2778 Hellesbam
679 2717 812 2778 consistit
831 2718 863 2777 in
880 2722 944 2778 toto
957 2718 1094 2798 altarsgio
1107 2718 1233 2797 exceptis
1245 2719 1366 2780 decimis

264 2803 331 2865 lans
341 2807 372 2863 ct
381 2800 535 2862 medietate
545 2818 685 2878 agnorum
695 2798 787 2858 totius
799 2797 934 2876 parochie
943 2818 999 2878 que
1009 2800 1068 2878 ipsi
1076 2800 1155 2878 prior
1165 2805 1196 2860 et
1204 2806 1365 2862 conventus

264 2885 376 2964 integre
383 2881 770 2962 percipientiuperpetuum.
799 2879 1039 2942 Vicariusautem
1046 2881 1178 2942 inveniet
1185 2881 1365 2960 capollanunr

264 2968 317 3045 qui
330 2963 507 3026 ministrabit
520 2962 553 3022 in
573 2961 690 3022 wclesia
710 2960 747 3020 de
767 2960 892 3040 Osoll'by
912 2962 967 3021 sub
987 2962 1087 3022 sedem
1100 2963 1294 3022 convencione
1307 2982 1366 3041 que

265 3047 403 3108 convenit
430 3046 508 3104 inter
533 3042 627 3103 dictos
653 3042 778 3121 priorem
804 3047 835 3102 et
861 3047 1037 3102 conventum
1064 3047 1094 3103 et
1116 3043 1305 3122 parochianos
1328 3044 1365 3104 de

265 3127 398 3206 Osoliby,
413 3125 549 3188 videlicet
562 3123 640 3202 quod
653 3123 822 3202 parochiani
830 3123 953 3201 predicti
962 3123 1077 3186 solvent
1086 3125 1209 3202 singulis
1218 3125 1303 3185 annis
1312 3144 1365 3203 pro

264 3209 393 3270 mutaris
401 3205 537 3268 habenda
546 3205 578 3265 in
589 3205 669 3266 <licto
678 3204 788 3282 capella
798 3204 836 3264 ds
846 3205 972 3283 Osoliby
983 3224 1036 3265 sex
1044 3225 1171 3266 summas
1181 3215 1230 3283 p¹e
1241 3207 1365 3285 siliginis

265 3295 295 3350 ct
304 3309 394 3350 unam
408 3306 550 3350 summam
560 3295 609 3366 p²s
619 3305 710 3347 avene
719 3285 797 3345 inira
806 3305 848 3346 xv
858 3285 921 3346 diss
930 3292 997 3364 post
1006 3287 1115 3347 festum
1126 3287 1155 3348 S.
1169 3287 1322 3347 Michaelis
1335 3292 1366 3348 et

264 3371 419 3433 invenient
437 3369 587 3448 capellano
605 3368 715 3428 ibidem
735 3367 915 3428 ministranti
934 3373 1145 3446 competentem
1163 3366 1292 3442 domum,
1305 3368 1365 3428 nisi

263 3452 406 3532 hospitari
418 3450 510 3529 possit
522 3449 599 3510 infra
613 3448 747 3525 Osolfby.
790 3448 887 3508 Iidem
896 3448 986 3508 eciam
996 3448 1163 3526 parochiani
1172 3447 1365 3510 affidaverunt

264 3533 345 3612 quod
370 3533 446 3592 hanc
473 3530 699 3592 consensionem
731 3528 856 3588 fideliter
882 3529 916 3588 iu
942 3535 1114 3608 perpetuum
1141 3530 1284 3590 tenebunt
1310 3529 1364 3590 toli

266 3614 435 3676 condicione
448 3612 527 3691 quod
541 3612 568 3670 si
580 3611 678 3688 aliquo
692 3615 821 3687 tempore
831 3629 848 3669 a
858 3609 1004 3675 solucione
1015 3610 1087 3671 dicti
1096 3610 1178 3671 bladi
1190 3611 1364 3673 cessaverint

265 3701 373 3756 extunc
383 3695 564 3774 capellanum
573 3692 682 3752 ibidem
691 3691 904 3751 ministrantem
925 3709 986 3751 non
994 3691 1146 3752 habebunt
1155 3691 1206 3752 scd
1216 3693 1365 3754 matricem

265 3775 415 3838 ecclesiam
434 3776 466 3837 S.
498 3772 615 3834 Andros
642 3773 679 3832 de
705 3771 843 3849 Kirksby
868 3773 902 3832 in
928 3780 1100 3851 perpetuum
1120 3780 1278 3851 sequantur
1304 3778 1364 3834 tam

264 3857 303 3920 ad
329 3859 482 3918 missarum
508 3853 679 3932 sollempnia
711 3872 800 3932 quam
833 3853 872 3913 erl
904 3859 998 3914 cotors
1027 3855 1094 3932 jura
1127 3855 1245 3916 ecclesie
1277 3860 1364 3933 prout

263 3940 429 4002 continetur
441 3939 475 3997 in
488 3935 664 4014 cyrographo
677 3936 754 3994 inter
772 3935 897 4014 priorem
910 3939 940 3994 et
953 3940 1131 3996 conventum
1144 3935 1181 3996 dc
1195 3936 1364 3997 Hellesbam

263 4027 294 4082 st
306 4021 400 4082 dictos
413 4018 601 4098 parochianos
614 4016 651 4076 do
665 4015 789 4093 Osoliby
802 4015 942 4076 coniecto.
977 4015 1111 4077 Vicarius
1125 4016 1246 4078 habebit
1254 4018 1363 4077 toftum

264 4101 345 4182 quod
357 4102 416 4163 ruit
429 4097 493 4183 [lb.
513 4095 580 4181 13¹³]
599 4098 686 4160 Acori
706 4116 742 4158 ox
761 4102 843 4175 parts
862 4095 972 4158 boreali
987 4099 1106 4160 meeis
1126 4097 1163 4158 (le
1185 4097 1321 4177 Kirkeby
1334 4103 1365 4159 et

265 4184 359 4245 solvet
371 4180 573 4244 teutumruodo
586 4179 738 4258 synodalia
750 4183 780 4239 et
792 4178 855 4256 ipse
867 4177 946 4257 prior
955 4183 986 4239 et
995 4183 1156 4241 conventus
1168 4180 1365 4258 procurabunt

265 4264 429 4345 hospicium
438 4261 644 4324 Archidieconi
657 4267 686 4334 et
700 4267 792 4321 cetera
805 4279 892 4321 onera
904 4262 1097 4322 sustinebunt
