<?xml version="1.0" encoding="UTF-8"?>
<!DOCTYPE html PUBLIC "-//W3C//DTD XHTML 1.0 Transitional//EN"
    "http://www.w3.org/TR/xhtml1/DTD/xhtml1-transitional.dtd">
<html xmlns="http://www.w3.org/1999/xhtml" xml:lang="en" lang="en">
 <head>
  <title>
</title>
<meta http-equiv="Content-Type" content="text/html;charset=utf-8" />
  <meta name='ocr-system' content='tesseract 3.04.00' />
  <meta name='ocr-capabilities' content='ocr_page ocr_carea ocr_par ocr_line ocrx_word'/>
</head>
<body>
  <div class='ocr_page' id='page_1' title='image "./liberantiquusde00wellgoog_0111.png"; bbox 0 0 3258 5096; ppageno 0'>
   <div class='ocr_carea' id='block_1_1' title="bbox 661 467 1368 538">
    <p class='ocr_par' dir='ltr' id='par_1_1' title="bbox 661 467 1368 538">
     <span class='ocr_line' id='line_1_1' title="bbox 661 467 1368 538; baseline -0.011 0"><span class='ocrx_word' id='word_1_1' title='bbox 661 481 818 538; x_wconf 77' lang='lat' dir='ltr'><strong>Huuours</strong></span> <span class='ocrx_word' id='word_1_2' title='bbox 840 481 965 536; x_wconf 69' lang='lat' dir='ltr'><strong>wama.</strong></span> <span class='ocrx_word' id='word_1_3' title='bbox 1327 467 1368 530; x_wconf 81' lang='grc'><strong>93</strong></span> 
     </span>
    </p>
   </div>
   <div class='ocr_carea' id='block_1_2' title="bbox 262 627 1368 788">
    <p class='ocr_par' dir='ltr' id='par_1_2' title="bbox 262 627 1368 788">
     <span class='ocr_line' id='line_1_2' title="bbox 262 627 1368 710; baseline 0.003 -18"><span class='ocrx_word' id='word_1_4' title='bbox 262 631 531 710; x_wconf 88' lang='lat' dir='ltr'><strong>episcopaliaquam</strong></span> <span class='ocrx_word' id='word_1_5' title='bbox 539 629 781 692; x_wconf 89' lang='lat' dir='ltr'><strong>archidiaconalia</strong></span> <span class='ocrx_word' id='word_1_6' title='bbox 790 629 985 690; x_wconf 89' lang='lat' dir='ltr'><strong>sustinebunt.</strong></span> <span class='ocrx_word' id='word_1_7' title='bbox 1022 627 1306 692; x_wconf 82' lang='lat' dir='ltr'><strong>Salvisinomnibus</strong></span> <span class='ocrx_word' id='word_1_8' title='bbox 1316 629 1368 694; x_wconf 79' lang='lat' dir='ltr'><strong>duc.</strong></span> 
     </span>
     <span class='ocr_line' id='line_1_3' title="bbox 262 709 1368 788; baseline 0.002 -15"><span class='ocrx_word' id='word_1_9' title='bbox 262 713 303 774; x_wconf 88' lang='lat' dir='ltr'><strong>Et</strong></span> <span class='ocrx_word' id='word_1_10' title='bbox 313 718 348 774; x_wconf 92' lang='lat' dir='ltr'><strong>ut</strong></span> <span class='ocrx_word' id='word_1_11' title='bbox 360 713 415 772; x_wconf 91' lang='lat' dir='ltr'><strong>hec</strong></span> <span class='ocrx_word' id='word_1_12' title='bbox 428 717 527 772; x_wconf 89' lang='lat' dir='ltr'><strong>nostra</strong></span> <span class='ocrx_word' id='word_1_13' title='bbox 540 711 685 772; x_wconf 75' lang='lat' dir='ltr'><strong>concessio</strong></span> <span class='ocrx_word' id='word_1_14' title='bbox 696 709 761 771; x_wconf 63' lang='lat' dir='ltr'><strong>dccl</strong></span> <span class='ocrx_word' id='word_1_15' title='bbox 783 711 919 771; x_wconf 86' lang='lat' dir='ltr'><strong>Testibus</strong></span> <span class='ocrx_word' id='word_1_16' title='bbox 930 709 981 771; x_wconf 81' lang='lat' dir='ltr'><strong>&amp;c</strong></span> <span class='ocrx_word' id='word_1_17' title='bbox 994 715 1029 770; x_wconf 90' lang='lat' dir='ltr'><strong>ut</strong></span> <span class='ocrx_word' id='word_1_18' title='bbox 1042 729 1128 788; x_wconf 89' lang='lat' dir='ltr'><strong>supra</strong></span> <span class='ocrx_word' id='word_1_19' title='bbox 1140 715 1218 772; x_wconf 87' lang='lat' dir='ltr'><strong>carta</strong></span> <span class='ocrx_word' id='word_1_20' title='bbox 1227 713 1368 788; x_wconf 81' lang='lat' dir='ltr'><strong>proxima</strong></span> 
     </span>
    </p>
   </div>
   <div class='ocr_carea' id='block_1_3' title="bbox 262 789 1367 952">
    <p class='ocr_par' dir='ltr' id='par_1_3' title="bbox 262 789 1367 952">
     <span class='ocr_line' id='line_1_4' title="bbox 263 789 1367 871; baseline 0.002 -17"><span class='ocrx_word' id='word_1_21' title='bbox 263 794 332 855; x_wconf 89' lang='lat' dir='ltr'><strong>Dat&#39;</strong></span> <span class='ocrx_word' id='word_1_22' title='bbox 345 812 397 871; x_wconf 86' lang='lat' dir='ltr'><strong>per</strong></span> <span class='ocrx_word' id='word_1_23' title='bbox 410 811 513 854; x_wconf 88' lang='lat' dir='ltr'><strong>manus</strong></span> <span class='ocrx_word' id='word_1_24' title='bbox 526 791 575 854; x_wconf 89' lang='lat' dir='ltr'><strong>W.</strong></span> <span class='ocrx_word' id='word_1_25' title='bbox 591 793 629 852; x_wconf 93' lang='lat' dir='ltr'><strong>dc</strong></span> <span class='ocrx_word' id='word_1_26' title='bbox 643 791 762 852; x_wconf 87' lang='lat' dir='ltr'><strong>Tornac&#39;</strong></span> <span class='ocrx_word' id='word_1_27' title='bbox 776 789 985 852; x_wconf 86' lang='lat' dir='ltr'><strong>Archidiaconi</strong></span> <span class='ocrx_word' id='word_1_28' title='bbox 1006 790 1104 853; x_wconf 82' lang='lat' dir='ltr'><strong>Stoura</strong></span> <span class='ocrx_word' id='word_1_29' title='bbox 1124 792 1204 871; x_wconf 90' lang='lat' dir='ltr'><strong>apud</strong></span> <span class='ocrx_word' id='word_1_30' title='bbox 1217 791 1300 854; x_wconf 79' lang='lat' dir='ltr'><strong>Linc&#39;</strong></span> <span class='ocrx_word' id='word_1_31' title='bbox 1314 792 1367 856; x_wconf 53' lang='grc' dir='ltr'><strong>ιω.</strong></span> 
     </span>
     <span class='ocr_line' id='line_1_5' title="bbox 262 873 934 952; baseline -0.001 -17"><span class='ocrx_word' id='word_1_32' title='bbox 262 874 309 936; x_wconf 90' lang='lat' dir='ltr'><strong>Id.</strong></span> <span class='ocrx_word' id='word_1_33' title='bbox 325 874 474 952; x_wconf 83' lang='lat' dir='ltr'><strong>Februarij</strong></span> <span class='ocrx_word' id='word_1_34' title='bbox 489 873 676 952; x_wconf 86' lang='lat' dir='ltr'><strong>pontificatus</strong></span> <span class='ocrx_word' id='word_1_35' title='bbox 691 875 784 934; x_wconf 79' lang='lat' dir='ltr'><strong>nostri</strong></span> <span class='ocrx_word' id='word_1_36' title='bbox 798 892 876 934; x_wconf 88' lang='lat' dir='ltr'><strong>anno</strong></span> <span class='ocrx_word' id='word_1_37' title='bbox 891 881 934 934; x_wconf 64' lang='grc' dir='ltr'><strong>ιθ.</strong></span> 
     </span>
    </p>
   </div>
   <div class='ocr_carea' id='block_1_4' title="bbox 743 1029 897 1116">
    <p class='ocr_par' dir='ltr' id='par_1_4' title="bbox 743 1029 897 1116">
     <span class='ocr_line' id='line_1_6' title="bbox 743 1029 897 1116; baseline 0.006 -22"><span class='ocrx_word' id='word_1_38' title='bbox 743 1033 806 1116; x_wconf 73' lang='lat' dir='ltr'><strong>[ro.</strong></span> <span class='ocrx_word' id='word_1_39' title='bbox 823 1029 897 1116; x_wconf 69' lang='lat' dir='ltr'><strong>seq.</strong></span> 
     </span>
    </p>
   </div>
   <div class='ocr_carea' id='block_1_5' title="bbox 263 1138 1372 3491">
    <p class='ocr_par' dir='ltr' id='par_1_5' title="bbox 326 1138 1153 1216">
     <span class='ocr_line' id='line_1_7' title="bbox 326 1138 1153 1216; baseline -0.004 -14"><span class='ocrx_word' id='word_1_40' title='bbox 326 1155 535 1211; x_wconf 73' lang='grc' dir='ltr'>οῃοιΝΑοιο</span> <span class='ocrx_word' id='word_1_41' title='bbox 555 1140 666 1202; x_wconf 71' lang='lat' dir='ltr'><strong>crebere</strong></span> <span class='ocrx_word' id='word_1_42' title='bbox 679 1140 844 1216; x_wconf 70' lang='lat' dir='ltr'><strong>dodeford</strong></span> <span class='ocrx_word' id='word_1_43' title='bbox 856 1145 884 1200; x_wconf 82' lang='lat' dir='ltr'><strong>ct</strong></span> <span class='ocrx_word' id='word_1_44' title='bbox 896 1138 1005 1200; x_wconf 64' lang='lat' dir='ltr'><strong>vicum</strong></span> <span class='ocrx_word' id='word_1_45' title='bbox 1018 1138 1153 1216; x_wconf 64' lang='lat' dir='ltr'><strong>cludens</strong></span> 
     </span>
    </p>

    <p class='ocr_par' dir='ltr' id='par_1_6' title="bbox 263 1219 1372 3491">
     <span class='ocr_line' id='line_1_8' title="bbox 327 1219 1371 1298; baseline 0 -14"><span class='ocrx_word' id='word_1_46' title='bbox 327 1221 473 1284; x_wconf 89' lang='lat' dir='ltr'><strong>Omnibus</strong></span> <span class='ocrx_word' id='word_1_47' title='bbox 500 1222 547 1283; x_wconf 79' lang='lat' dir='ltr'><strong>dra</strong></span> <span class='ocrx_word' id='word_1_48' title='bbox 590 1221 716 1282; x_wconf 79' lang='lat' dir='ltr'><strong>Noverit</strong></span> <span class='ocrx_word' id='word_1_49' title='bbox 748 1221 923 1282; x_wconf 84' lang='lat' dir='ltr'><strong>universitas</strong></span> <span class='ocrx_word' id='word_1_50' title='bbox 956 1224 1053 1281; x_wconf 86' lang='lat' dir='ltr'><strong>vestra</strong></span> <span class='ocrx_word' id='word_1_51' title='bbox 1079 1219 1160 1298; x_wconf 89' lang='lat' dir='ltr'><strong>quod</strong></span> <span class='ocrx_word' id='word_1_52' title='bbox 1187 1219 1311 1282; x_wconf 88' lang='lat' dir='ltr'><strong>dilectus</strong></span> <span class='ocrx_word' id='word_1_53' title='bbox 1337 1225 1371 1284; x_wconf 92' lang='lat' dir='ltr'><strong>in</strong></span> 
     </span>
     <span class='ocr_line' id='line_1_9' title="bbox 265 1300 1371 1380; baseline -0.004 -11"><span class='ocrx_word' id='word_1_54' title='bbox 265 1303 384 1370; x_wconf 84' lang='lat' dir='ltr'><strong>Christo</strong></span> <span class='ocrx_word' id='word_1_55' title='bbox 397 1303 477 1364; x_wconf 84' lang='lat' dir='ltr'><strong>filius</strong></span> <span class='ocrx_word' id='word_1_56' title='bbox 496 1303 638 1380; x_wconf 74' lang='lat' dir='ltr'><strong>Magister</strong></span> <span class='ocrx_word' id='word_1_57' title='bbox 657 1303 727 1380; x_wconf 85' lang='lat' dir='ltr'><strong>ch.</strong></span> <span class='ocrx_word' id='word_1_58' title='bbox 751 1302 788 1362; x_wconf 88' lang='lat' dir='ltr'><strong>dc</strong></span> <span class='ocrx_word' id='word_1_59' title='bbox 808 1301 920 1364; x_wconf 81' lang='lat' dir='ltr'><strong>Castris</strong></span> <span class='ocrx_word' id='word_1_60' title='bbox 938 1305 1011 1362; x_wconf 90' lang='lat' dir='ltr'><strong>tunc</strong></span> <span class='ocrx_word' id='word_1_61' title='bbox 1027 1300 1168 1364; x_wconf 88' lang='lat' dir='ltr'><strong>Officialis</strong></span> <span class='ocrx_word' id='word_1_62' title='bbox 1181 1307 1280 1362; x_wconf 88' lang='lat' dir='ltr'><strong>noster</strong></span> <span class='ocrx_word' id='word_1_63' title='bbox 1299 1303 1371 1365; x_wconf 91' lang='lat' dir='ltr'><strong>dum</strong></span> 
     </span>
     <span class='ocr_line' id='line_1_10' title="bbox 264 1383 1371 1463; baseline 0.001 -18"><span class='ocrx_word' id='word_1_64' title='bbox 264 1403 393 1446; x_wconf 86' lang='lat' dir='ltr'><strong>essemus</strong></span> <span class='ocrx_word' id='word_1_65' title='bbox 419 1385 452 1444; x_wconf 93' lang='lat' dir='ltr'><strong>in</strong></span> <span class='ocrx_word' id='word_1_66' title='bbox 478 1384 611 1463; x_wconf 86' lang='lat' dir='ltr'><strong>partibus</strong></span> <span class='ocrx_word' id='word_1_67' title='bbox 637 1383 838 1444; x_wconf 75' lang='lat' dir='ltr'><strong>transmarinis</strong></span> <span class='ocrx_word' id='word_1_68' title='bbox 864 1383 1037 1452; x_wconf 58' lang='lat' dir='ltr'><strong>aucuritete</strong></span> <span class='ocrx_word' id='word_1_69' title='bbox 1063 1383 1091 1444; x_wconf 90' lang='lat' dir='ltr'><strong>ei</strong></span> <span class='ocrx_word' id='word_1_70' title='bbox 1111 1383 1197 1443; x_wconf 89' lang='lat' dir='ltr'><strong>nobis</strong></span> <span class='ocrx_word' id='word_1_71' title='bbox 1219 1387 1371 1446; x_wconf 83' lang='lat' dir='ltr'><strong>commissa</strong></span> 
     </span>
     <span class='ocr_line' id='line_1_11' title="bbox 265 1462 1371 1544; baseline 0 -16"><span class='ocrx_word' id='word_1_72' title='bbox 265 1463 422 1528; x_wconf 83' lang='lat' dir='ltr'><strong>ordinandi</strong></span> <span class='ocrx_word' id='word_1_73' title='bbox 448 1470 478 1526; x_wconf 88' lang='lat' dir='ltr'><strong>at</strong></span> <span class='ocrx_word' id='word_1_74' title='bbox 504 1465 701 1544; x_wconf 85' lang='lat' dir='ltr'><strong>provisionem</strong></span> <span class='ocrx_word' id='word_1_75' title='bbox 726 1463 854 1524; x_wconf 77' lang='lat' dir='ltr'><strong>faciendi</strong></span> <span class='ocrx_word' id='word_1_76' title='bbox 880 1482 966 1541; x_wconf 87' lang='lat' dir='ltr'><strong>super</strong></span> <span class='ocrx_word' id='word_1_77' title='bbox 992 1463 1111 1524; x_wconf 87' lang='lat' dir='ltr'><strong>ccclesia</strong></span> <span class='ocrx_word' id='word_1_78' title='bbox 1138 1465 1176 1524; x_wconf 87' lang='lat' dir='ltr'><strong>de</strong></span> <span class='ocrx_word' id='word_1_79' title='bbox 1197 1462 1313 1526; x_wconf 81' lang='lat' dir='ltr'><strong>Auiord</strong></span> <span class='ocrx_word' id='word_1_80' title='bbox 1340 1471 1371 1528; x_wconf 91' lang='lat' dir='ltr'><strong>ct</strong></span> 
     </span>
     <span class='ocr_line' id='line_1_12' title="bbox 265 1545 1371 1626; baseline 0 -18"><span class='ocrx_word' id='word_1_81' title='bbox 265 1547 426 1626; x_wconf 82' lang='lat' dir='ltr'><strong>capellada</strong></span> <span class='ocrx_word' id='word_1_82' title='bbox 441 1546 575 1625; x_wconf 83' lang='lat' dir='ltr'><strong>Riggaby</strong></span> <span class='ocrx_word' id='word_1_83' title='bbox 587 1546 676 1605; x_wconf 90' lang='lat' dir='ltr'><strong>talem</strong></span> <span class='ocrx_word' id='word_1_84' title='bbox 691 1545 755 1606; x_wconf 85' lang='lat' dir='ltr'><strong>vice</strong></span> <span class='ocrx_word' id='word_1_85' title='bbox 768 1550 867 1605; x_wconf 88' lang='lat' dir='ltr'><strong>nostra</strong></span> <span class='ocrx_word' id='word_1_86' title='bbox 884 1545 953 1604; x_wconf 90' lang='lat' dir='ltr'><strong>fecit</strong></span> <span class='ocrx_word' id='word_1_87' title='bbox 971 1545 1207 1606; x_wconf 86' lang='lat' dir='ltr'><strong>ordinacionem:</strong></span> <span class='ocrx_word' id='word_1_88' title='bbox 1233 1546 1371 1608; x_wconf 85' lang='lat' dir='ltr'><strong>videlicet</strong></span> 
     </span>
     <span class='ocr_line' id='line_1_13' title="bbox 265 1626 1370 1709; baseline 0 -20"><span class='ocrx_word' id='word_1_89' title='bbox 265 1631 345 1709; x_wconf 89' lang='lat' dir='ltr'><strong>quod</strong></span> <span class='ocrx_word' id='word_1_90' title='bbox 367 1628 493 1688; x_wconf 87' lang='lat' dir='ltr'><strong>vicarius</strong></span> <span class='ocrx_word' id='word_1_91' title='bbox 516 1632 673 1705; x_wconf 87' lang='lat' dir='ltr'><strong>perpetuus</strong></span> <span class='ocrx_word' id='word_1_92' title='bbox 697 1627 730 1686; x_wconf 92' lang='lat' dir='ltr'><strong>in</strong></span> <span class='ocrx_word' id='word_1_93' title='bbox 754 1626 862 1686; x_wconf 87' lang='lat' dir='ltr'><strong>eisdem</strong></span> <span class='ocrx_word' id='word_1_94' title='bbox 887 1626 1006 1685; x_wconf 84' lang='lat' dir='ltr'><strong>ccclesia</strong></span> <span class='ocrx_word' id='word_1_95' title='bbox 1028 1630 1058 1687; x_wconf 91' lang='lat' dir='ltr'><strong>et</strong></span> <span class='ocrx_word' id='word_1_96' title='bbox 1071 1626 1182 1703; x_wconf 88' lang='lat' dir='ltr'><strong>capella</strong></span> <span class='ocrx_word' id='word_1_97' title='bbox 1194 1627 1370 1689; x_wconf 90' lang='lat' dir='ltr'><strong>constitutus</strong></span> 
     </span>
     <span class='ocr_line' id='line_1_14' title="bbox 263 1707 1370 1785; baseline 0.001 -16"><span class='ocrx_word' id='word_1_98' title='bbox 263 1709 392 1770; x_wconf 87' lang='lat' dir='ltr'><strong>habebit</strong></span> <span class='ocrx_word' id='word_1_99' title='bbox 411 1713 504 1769; x_wconf 90' lang='lat' dir='ltr'><strong>totam</strong></span> <span class='ocrx_word' id='word_1_100' title='bbox 530 1713 636 1768; x_wconf 89' lang='lat' dir='ltr'><strong>terram</strong></span> <span class='ocrx_word' id='word_1_101' title='bbox 662 1707 780 1768; x_wconf 87' lang='lat' dir='ltr'><strong>ecclesie</strong></span> <span class='ocrx_word' id='word_1_102' title='bbox 804 1712 833 1768; x_wconf 88' lang='lat' dir='ltr'><strong>et</strong></span> <span class='ocrx_word' id='word_1_103' title='bbox 853 1707 962 1784; x_wconf 88' lang='lat' dir='ltr'><strong>capelle</strong></span> <span class='ocrx_word' id='word_1_104' title='bbox 985 1725 1053 1768; x_wconf 92' lang='lat' dir='ltr'><strong>cum</strong></span> <span class='ocrx_word' id='word_1_105' title='bbox 1081 1708 1172 1784; x_wconf 87' lang='lat' dir='ltr'><strong>pratis</strong></span> <span class='ocrx_word' id='word_1_106' title='bbox 1197 1707 1310 1785; x_wconf 75' lang='lat' dir='ltr'><strong>pascuis</strong></span> <span class='ocrx_word' id='word_1_107' title='bbox 1340 1715 1370 1770; x_wconf 91' lang='lat' dir='ltr'><strong>ct</strong></span> 
     </span>
     <span class='ocr_line' id='line_1_15' title="bbox 264 1787 1370 1868; baseline -0.002 -16"><span class='ocrx_word' id='word_1_108' title='bbox 264 1789 402 1852; x_wconf 89' lang='lat' dir='ltr'><strong>turbariis</strong></span> <span class='ocrx_word' id='word_1_109' title='bbox 425 1795 455 1850; x_wconf 87' lang='lat' dir='ltr'><strong>et</strong></span> <span class='ocrx_word' id='word_1_110' title='bbox 480 1788 616 1850; x_wconf 88' lang='lat' dir='ltr'><strong>omnibus</strong></span> <span class='ocrx_word' id='word_1_111' title='bbox 637 1789 702 1848; x_wconf 90' lang='lat' dir='ltr'><strong>aliis</strong></span> <span class='ocrx_word' id='word_1_112' title='bbox 723 1789 910 1866; x_wconf 81' lang='lat' dir='ltr'><strong>pertinenciis</strong></span> <span class='ocrx_word' id='word_1_113' title='bbox 930 1787 1034 1848; x_wconf 86' lang='lat' dir='ltr'><strong>suiset</strong></span> <span class='ocrx_word' id='word_1_114' title='bbox 1050 1787 1236 1848; x_wconf 84' lang='lat' dir='ltr'><strong>libertatibus</strong></span> <span class='ocrx_word' id='word_1_115' title='bbox 1249 1796 1370 1868; x_wconf 87' lang='lat' dir='ltr'><strong>excepta</strong></span> 
     </span>
     <span class='ocr_line' id='line_1_16' title="bbox 266 1867 1370 1948; baseline -0.002 -15"><span class='ocrx_word' id='word_1_116' title='bbox 266 1871 421 1933; x_wconf 86' lang='lat' dir='ltr'><strong>medietate</strong></span> <span class='ocrx_word' id='word_1_117' title='bbox 435 1871 530 1930; x_wconf 90' lang='lat' dir='ltr'><strong>mansi</strong></span> <span class='ocrx_word' id='word_1_118' title='bbox 543 1871 621 1947; x_wconf 92' lang='lat' dir='ltr'><strong>apud</strong></span> <span class='ocrx_word' id='word_1_119' title='bbox 634 1868 758 1930; x_wconf 83' lang='lat' dir='ltr'><strong>Auford&#39;</strong></span> <span class='ocrx_word' id='word_1_120' title='bbox 772 1889 861 1948; x_wconf 90' lang='lat' dir='ltr'><strong>quam</strong></span> <span class='ocrx_word' id='word_1_121' title='bbox 874 1869 1005 1929; x_wconf 91' lang='lat' dir='ltr'><strong>canonici</strong></span> <span class='ocrx_word' id='word_1_122' title='bbox 1018 1867 1173 1947; x_wconf 88' lang='lat' dir='ltr'><strong>hospitalis</strong></span> <span class='ocrx_word' id='word_1_123' title='bbox 1193 1874 1275 1930; x_wconf 83' lang='lat' dir='ltr'><strong>extre</strong></span> <span class='ocrx_word' id='word_1_124' title='bbox 1288 1871 1370 1932; x_wconf 87' lang='lat' dir='ltr'><strong>Linc&#39;</strong></span> 
     </span>
     <span class='ocr_line' id='line_1_17' title="bbox 266 1949 1371 2028; baseline -0.002 -15"><span class='ocrx_word' id='word_1_125' title='bbox 266 1952 418 2013; x_wconf 88' lang='lat' dir='ltr'><strong>habebunt</strong></span> <span class='ocrx_word' id='word_1_126' title='bbox 441 1951 480 2011; x_wconf 90' lang='lat' dir='ltr'><strong>ad</strong></span> <span class='ocrx_word' id='word_1_127' title='bbox 504 1951 637 2011; x_wconf 80' lang='lat' dir='ltr'><strong>facienda</strong></span> <span class='ocrx_word' id='word_1_128' title='bbox 649 1951 760 2011; x_wconf 89' lang='lat' dir='ltr'><strong>ibidem</strong></span> <span class='ocrx_word' id='word_1_129' title='bbox 787 1969 867 2010; x_wconf 86' lang='lat' dir='ltr'><strong>orrea</strong></span> <span class='ocrx_word' id='word_1_130' title='bbox 889 1969 942 2010; x_wconf 88' lang='lat' dir='ltr'><strong>sua</strong></span> <span class='ocrx_word' id='word_1_131' title='bbox 965 1949 1003 2009; x_wconf 86' lang='lat' dir='ltr'><strong>ad</strong></span> <span class='ocrx_word' id='word_1_132' title='bbox 1028 1950 1229 2028; x_wconf 86' lang='lat' dir='ltr'><strong>reponendum</strong></span> <span class='ocrx_word' id='word_1_133' title='bbox 1245 1951 1371 2021; x_wconf 86' lang='lat' dir='ltr'><strong>decimas</strong></span> 
     </span>
     <span class='ocr_line' id='line_1_18' title="bbox 266 2029 1371 2112; baseline 0.003 -21"><span class='ocrx_word' id='word_1_134' title='bbox 266 2033 418 2111; x_wconf 78' lang='lat' dir='ltr'><strong>garbarum</strong></span> <span class='ocrx_word' id='word_1_135' title='bbox 451 2031 490 2091; x_wconf 88' lang='lat' dir='ltr'><strong>ad</strong></span> <span class='ocrx_word' id='word_1_136' title='bbox 522 2033 648 2110; x_wconf 82' lang='lat' dir='ltr'><strong>prefatas</strong></span> <span class='ocrx_word' id='word_1_137' title='bbox 681 2031 830 2092; x_wconf 89' lang='lat' dir='ltr'><strong>ecclesiam</strong></span> <span class='ocrx_word' id='word_1_138' title='bbox 863 2037 894 2091; x_wconf 89' lang='lat' dir='ltr'><strong>ct</strong></span> <span class='ocrx_word' id='word_1_139' title='bbox 927 2029 1067 2109; x_wconf 89' lang='lat' dir='ltr'><strong>capellam</strong></span> <span class='ocrx_word' id='word_1_140' title='bbox 1101 2033 1280 2109; x_wconf 85' lang='lat' dir='ltr'><strong>pertinentes</strong></span> <span class='ocrx_word' id='word_1_141' title='bbox 1313 2054 1371 2112; x_wconf 90' lang='lat' dir='ltr'><strong>que</strong></span> 
     </span>
     <span class='ocr_line' id='line_1_19' title="bbox 266 2111 1371 2192; baseline 0.001 -17"><span class='ocrx_word' id='word_1_142' title='bbox 266 2114 467 2176; x_wconf 88' lang='lat' dir='ltr'><strong>conceduntur</strong></span> <span class='ocrx_word' id='word_1_143' title='bbox 489 2113 531 2173; x_wconf 87' lang='lat' dir='ltr'><strong>eis</strong></span> <span class='ocrx_word' id='word_1_144' title='bbox 557 2114 669 2190; x_wconf 90' lang='lat' dir='ltr'><strong>integre</strong></span> <span class='ocrx_word' id='word_1_145' title='bbox 692 2114 725 2172; x_wconf 93' lang='lat' dir='ltr'><strong>in</strong></span> <span class='ocrx_word' id='word_1_146' title='bbox 745 2111 876 2192; x_wconf 91' lang='lat' dir='ltr'><strong>proprios</strong></span> <span class='ocrx_word' id='word_1_147' title='bbox 898 2131 969 2171; x_wconf 91' lang='lat' dir='ltr'><strong>usus</strong></span> <span class='ocrx_word' id='word_1_148' title='bbox 996 2114 1196 2174; x_wconf 88' lang='lat' dir='ltr'><strong>convertenda.</strong></span> <span class='ocrx_word' id='word_1_149' title='bbox 1241 2113 1371 2176; x_wconf 89' lang='lat' dir='ltr'><strong>Habebit</strong></span> 
     </span>
     <span class='ocr_line' id='line_1_20' title="bbox 266 2193 1371 2272; baseline 0.002 -16"><span class='ocrx_word' id='word_1_150' title='bbox 266 2196 357 2256; x_wconf 91' lang='lat' dir='ltr'><strong>sciam</strong></span> <span class='ocrx_word' id='word_1_151' title='bbox 384 2193 463 2254; x_wconf 91' lang='lat' dir='ltr'><strong>idem</strong></span> <span class='ocrx_word' id='word_1_152' title='bbox 486 2195 611 2254; x_wconf 87' lang='lat' dir='ltr'><strong>vicarius</strong></span> <span class='ocrx_word' id='word_1_153' title='bbox 634 2194 772 2271; x_wconf 84' lang='lat' dir='ltr'><strong>altaragia</strong></span> <span class='ocrx_word' id='word_1_154' title='bbox 796 2199 857 2253; x_wconf 86' lang='lat' dir='ltr'><strong>tam</strong></span> <span class='ocrx_word' id='word_1_155' title='bbox 880 2193 999 2254; x_wconf 89' lang='lat' dir='ltr'><strong>ecclesie</strong></span> <span class='ocrx_word' id='word_1_156' title='bbox 1024 2212 1112 2270; x_wconf 86' lang='lat' dir='ltr'><strong>quam</strong></span> <span class='ocrx_word' id='word_1_157' title='bbox 1132 2195 1241 2272; x_wconf 88' lang='lat' dir='ltr'><strong>capelle</strong></span> <span class='ocrx_word' id='word_1_158' title='bbox 1260 2197 1371 2258; x_wconf 88' lang='lat' dir='ltr'><strong>scilicet</strong></span> 
     </span>
     <span class='ocr_line' id='line_1_21' title="bbox 266 2275 1370 2353; baseline 0.002 -17"><span class='ocrx_word' id='word_1_159' title='bbox 266 2277 431 2337; x_wconf 81' lang='lat' dir='ltr'><strong>oblaciones</strong></span> <span class='ocrx_word' id='word_1_160' title='bbox 443 2281 603 2353; x_wconf 86' lang='lat' dir='ltr'><strong>proventus</strong></span> <span class='ocrx_word' id='word_1_161' title='bbox 616 2280 646 2335; x_wconf 90' lang='lat' dir='ltr'><strong>st</strong></span> <span class='ocrx_word' id='word_1_162' title='bbox 657 2275 850 2336; x_wconf 89' lang='lat' dir='ltr'><strong>obvenciones</strong></span> <span class='ocrx_word' id='word_1_163' title='bbox 865 2293 966 2335; x_wconf 89' lang='lat' dir='ltr'><strong>omncs</strong></span> <span class='ocrx_word' id='word_1_164' title='bbox 979 2281 1074 2352; x_wconf 86' lang='lat' dir='ltr'><strong>prater</strong></span> <span class='ocrx_word' id='word_1_165' title='bbox 1084 2275 1209 2335; x_wconf 90' lang='lat' dir='ltr'><strong>decimas</strong></span> <span class='ocrx_word' id='word_1_166' title='bbox 1218 2277 1370 2353; x_wconf 80' lang='lat' dir='ltr'><strong>garbarum</strong></span> 
     </span>
     <span class='ocr_line' id='line_1_22' title="bbox 267 2356 1370 2435; baseline 0.003 -18"><span class='ocrx_word' id='word_1_167' title='bbox 267 2362 302 2418; x_wconf 90' lang='lat' dir='ltr'><strong>ut</strong></span> <span class='ocrx_word' id='word_1_168' title='bbox 328 2357 492 2435; x_wconf 87' lang='lat' dir='ltr'><strong>predictum</strong></span> <span class='ocrx_word' id='word_1_169' title='bbox 517 2361 570 2418; x_wconf 91' lang='lat' dir='ltr'><strong>cst.</strong></span> <span class='ocrx_word' id='word_1_170' title='bbox 611 2357 653 2416; x_wconf 87' lang='lat' dir='ltr'><strong>Et</strong></span> <span class='ocrx_word' id='word_1_171' title='bbox 678 2357 712 2416; x_wconf 89' lang='lat' dir='ltr'><strong>in</strong></span> <span class='ocrx_word' id='word_1_172' title='bbox 737 2357 854 2434; x_wconf 89' lang='lat' dir='ltr'><strong>propria</strong></span> <span class='ocrx_word' id='word_1_173' title='bbox 878 2374 1000 2434; x_wconf 84' lang='lat' dir='ltr'><strong>persona</strong></span> <span class='ocrx_word' id='word_1_174' title='bbox 1023 2356 1110 2418; x_wconf 84' lang='lat' dir='ltr'><strong>faciat</strong></span> <span class='ocrx_word' id='word_1_175' title='bbox 1132 2357 1166 2417; x_wconf 90' lang='lat' dir='ltr'><strong>in</strong></span> <span class='ocrx_word' id='word_1_176' title='bbox 1190 2357 1309 2418; x_wconf 88' lang='lat' dir='ltr'><strong>ccclesia</strong></span> <span class='ocrx_word' id='word_1_177' title='bbox 1333 2359 1370 2420; x_wconf 90' lang='lat' dir='ltr'><strong>ds</strong></span> 
     </span>
     <span class='ocr_line' id='line_1_23' title="bbox 267 2437 1371 2518; baseline 0.002 -20"><span class='ocrx_word' id='word_1_178' title='bbox 267 2439 382 2498; x_wconf 82' lang='lat' dir='ltr'><strong>Auiord</strong></span> <span class='ocrx_word' id='word_1_179' title='bbox 395 2437 583 2498; x_wconf 86' lang='lat' dir='ltr'><strong>residanciam</strong></span> <span class='ocrx_word' id='word_1_180' title='bbox 594 2444 623 2498; x_wconf 88' lang='lat' dir='ltr'><strong>et</strong></span> <span class='ocrx_word' id='word_1_181' title='bbox 636 2439 669 2497; x_wconf 89' lang='lat' dir='ltr'><strong>in</strong></span> <span class='ocrx_word' id='word_1_182' title='bbox 682 2438 783 2498; x_wconf 89' lang='lat' dir='ltr'><strong>ordine</strong></span> <span class='ocrx_word' id='word_1_183' title='bbox 793 2438 963 2498; x_wconf 86' lang='lat' dir='ltr'><strong>sacerdotali</strong></span> <span class='ocrx_word' id='word_1_184' title='bbox 973 2437 1160 2512; x_wconf 86' lang='lat' dir='ltr'><strong>ministrabit,</strong></span> <span class='ocrx_word' id='word_1_185' title='bbox 1171 2443 1201 2498; x_wconf 87' lang='lat' dir='ltr'><strong>et</strong></span> <span class='ocrx_word' id='word_1_186' title='bbox 1214 2439 1247 2498; x_wconf 93' lang='lat' dir='ltr'><strong>in</strong></span> <span class='ocrx_word' id='word_1_187' title='bbox 1261 2441 1371 2518; x_wconf 89' lang='lat' dir='ltr'><strong>capella</strong></span> 
     </span>
     <span class='ocr_line' id='line_1_24' title="bbox 268 2519 1372 2598; baseline 0.003 -19"><span class='ocrx_word' id='word_1_188' title='bbox 268 2519 304 2580; x_wconf 87' lang='lat' dir='ltr'><strong>dc</strong></span> <span class='ocrx_word' id='word_1_189' title='bbox 318 2519 452 2598; x_wconf 85' lang='lat' dir='ltr'><strong>Riggcby</strong></span> <span class='ocrx_word' id='word_1_190' title='bbox 475 2537 527 2597; x_wconf 87' lang='lat' dir='ltr'><strong>per</strong></span> <span class='ocrx_word' id='word_1_191' title='bbox 550 2519 640 2578; x_wconf 87' lang='lat' dir='ltr'><strong>alium</strong></span> <span class='ocrx_word' id='word_1_192' title='bbox 664 2519 846 2597; x_wconf 86' lang='lat' dir='ltr'><strong>capellanum</strong></span> <span class='ocrx_word' id='word_1_193' title='bbox 870 2519 1009 2579; x_wconf 87' lang='lat' dir='ltr'><strong>idoneum</strong></span> <span class='ocrx_word' id='word_1_194' title='bbox 1032 2519 1084 2597; x_wconf 91' lang='lat' dir='ltr'><strong>qui</strong></span> <span class='ocrx_word' id='word_1_195' title='bbox 1105 2539 1215 2580; x_wconf 91' lang='lat' dir='ltr'><strong>moram</strong></span> <span class='ocrx_word' id='word_1_196' title='bbox 1228 2520 1272 2580; x_wconf 90' lang='lat' dir='ltr'><strong>ibi</strong></span> <span class='ocrx_word' id='word_1_197' title='bbox 1284 2521 1372 2582; x_wconf 80' lang='lat' dir='ltr'><strong>iaciat</strong></span> 
     </span>
     <span class='ocr_line' id='line_1_25' title="bbox 268 2599 1371 2679; baseline 0.001 -17"><span class='ocrx_word' id='word_1_198' title='bbox 268 2605 464 2679; x_wconf 84' lang='lat' dir='ltr'><strong>competenter</strong></span> <span class='ocrx_word' id='word_1_199' title='bbox 486 2599 573 2660; x_wconf 80' lang='lat' dir='ltr'><strong>iaciat</strong></span> <span class='ocrx_word' id='word_1_200' title='bbox 596 2601 774 2676; x_wconf 83' lang='lat' dir='ltr'><strong>ministrari3</strong></span> <span class='ocrx_word' id='word_1_201' title='bbox 797 2601 895 2660; x_wconf 91' lang='lat' dir='ltr'><strong>omnia</strong></span> <span class='ocrx_word' id='word_1_202' title='bbox 909 2619 996 2660; x_wconf 88' lang='lat' dir='ltr'><strong>onera</strong></span> <span class='ocrx_word' id='word_1_203' title='bbox 1010 2605 1148 2661; x_wconf 83' lang='lat' dir='ltr'><strong>consucta</strong></span> <span class='ocrx_word' id='word_1_204' title='bbox 1172 2605 1202 2660; x_wconf 93' lang='lat' dir='ltr'><strong>et</strong></span> <span class='ocrx_word' id='word_1_205' title='bbox 1226 2601 1371 2663; x_wconf 87' lang='lat' dir='ltr'><strong>ordinaria</strong></span> 
     </span>
     <span class='ocr_line' id='line_1_26' title="bbox 267 2680 1371 2760; baseline 0.001 -17"><span class='ocrx_word' id='word_1_206' title='bbox 267 2682 432 2743; x_wconf 87' lang='lat' dir='ltr'><strong>sustinebit.</strong></span> <span class='ocrx_word' id='word_1_207' title='bbox 475 2680 523 2742; x_wconf 92' lang='lat' dir='ltr'><strong>Ob</strong></span> <span class='ocrx_word' id='word_1_208' title='bbox 536 2682 616 2759; x_wconf 91' lang='lat' dir='ltr'><strong>quod</strong></span> <span class='ocrx_word' id='word_1_209' title='bbox 628 2683 661 2741; x_wconf 94' lang='lat' dir='ltr'><strong>in</strong></span> <span class='ocrx_word' id='word_1_210' title='bbox 674 2681 818 2742; x_wconf 86' lang='lat' dir='ltr'><strong>auxilium</strong></span> <span class='ocrx_word' id='word_1_211' title='bbox 831 2681 931 2741; x_wconf 90' lang='lat' dir='ltr'><strong>decem</strong></span> <span class='ocrx_word' id='word_1_212' title='bbox 941 2680 1048 2741; x_wconf 91' lang='lat' dir='ltr'><strong>solidos</strong></span> <span class='ocrx_word' id='word_1_213' title='bbox 1061 2702 1079 2742; x_wconf 95' lang='lat' dir='ltr'><strong>a</strong></span> <span class='ocrx_word' id='word_1_214' title='bbox 1092 2682 1212 2760; x_wconf 81' lang='lat' dir='ltr'><strong>prelatis</strong></span> <span class='ocrx_word' id='word_1_215' title='bbox 1224 2684 1371 2745; x_wconf 84' lang='lat' dir='ltr'><strong>canonicis</strong></span> 
     </span>
     <span class='ocr_line' id='line_1_27' title="bbox 267 2762 1368 2844; baseline 0.002 -20"><span class='ocrx_word' id='word_1_216' title='bbox 267 2763 377 2824; x_wconf 82' lang='lat' dir='ltr'><strong>sedicet</strong></span> <span class='ocrx_word' id='word_1_217' title='bbox 390 2762 429 2824; x_wconf 93' lang='lat' dir='ltr'><strong>ad</strong></span> <span class='ocrx_word' id='word_1_218' title='bbox 441 2762 579 2841; x_wconf 84' lang='lat' dir='ltr'><strong>pascham</strong></span> <span class='ocrx_word' id='word_1_219' title='bbox 592 2764 722 2841; x_wconf 90' lang='lat' dir='ltr'><strong>quinque</strong></span> <span class='ocrx_word' id='word_1_220' title='bbox 735 2763 787 2823; x_wconf 89' lang='lat' dir='ltr'><strong>sol’</strong></span> <span class='ocrx_word' id='word_1_221' title='bbox 800 2767 831 2822; x_wconf 90' lang='lat' dir='ltr'><strong>ct</strong></span> <span class='ocrx_word' id='word_1_222' title='bbox 843 2763 881 2822; x_wconf 91' lang='lat' dir='ltr'><strong>ad</strong></span> <span class='ocrx_word' id='word_1_223' title='bbox 900 2763 1009 2822; x_wconf 87' lang='lat' dir='ltr'><strong>festum</strong></span> <span class='ocrx_word' id='word_1_224' title='bbox 1023 2763 1053 2825; x_wconf 77' lang='lat' dir='ltr'><strong>S.</strong></span> <span class='ocrx_word' id='word_1_225' title='bbox 1069 2763 1224 2844; x_wconf 72' lang='lat' dir='ltr'><strong>Miclraelis</strong></span> <span class='ocrx_word' id='word_1_226' title='bbox 1237 2765 1368 2842; x_wconf 88' lang='lat' dir='ltr'><strong>quinque</strong></span> 
     </span>
     <span class='ocr_line' id='line_1_28' title="bbox 268 2843 1371 2924; baseline 0.005 -20"><span class='ocrx_word' id='word_1_227' title='bbox 268 2845 376 2906; x_wconf 92' lang='lat' dir='ltr'><strong>solidos</strong></span> <span class='ocrx_word' id='word_1_228' title='bbox 390 2845 530 2924; x_wconf 88' lang='lat' dir='ltr'><strong>percipiet</strong></span> <span class='ocrx_word' id='word_1_229' title='bbox 538 2845 698 2904; x_wconf 88' lang='lat' dir='ltr'><strong>annuatim.</strong></span> <span class='ocrx_word' id='word_1_230' title='bbox 733 2844 828 2905; x_wconf 86' lang='lat' dir='ltr'><strong>Juxta</strong></span> <span class='ocrx_word' id='word_1_231' title='bbox 841 2863 928 2922; x_wconf 91' lang='lat' dir='ltr'><strong>quam</strong></span> <span class='ocrx_word' id='word_1_232' title='bbox 936 2843 1131 2921; x_wconf 85' lang='lat' dir='ltr'><strong>provisionem</strong></span> <span class='ocrx_word' id='word_1_233' title='bbox 1141 2843 1220 2904; x_wconf 90' lang='lat' dir='ltr'><strong>idem</strong></span> <span class='ocrx_word' id='word_1_234' title='bbox 1231 2845 1371 2910; x_wconf 79' lang='lat' dir='ltr'><strong>officialis</strong></span> 
     </span>
     <span class='ocr_line' id='line_1_29' title="bbox 268 2925 1371 3003; baseline 0.004 -19"><span class='ocrx_word' id='word_1_235' title='bbox 268 2929 367 2985; x_wconf 86' lang='lat' dir='ltr'><strong>noster</strong></span> <span class='ocrx_word' id='word_1_236' title='bbox 376 2925 414 2985; x_wconf 88' lang='lat' dir='ltr'><strong>ad</strong></span> <span class='ocrx_word' id='word_1_237' title='bbox 422 2925 668 3002; x_wconf 87' lang='lat' dir='ltr'><strong>prasentacioncm</strong></span> <span class='ocrx_word' id='word_1_238' title='bbox 676 2925 785 2985; x_wconf 90' lang='lat' dir='ltr'><strong>Prioris</strong></span> <span class='ocrx_word' id='word_1_239' title='bbox 794 2925 976 2985; x_wconf 89' lang='lat' dir='ltr'><strong>otdictorum</strong></span> <span class='ocrx_word' id='word_1_240' title='bbox 985 2925 1189 2986; x_wconf 90' lang='lat' dir='ltr'><strong>canonicorum</strong></span> <span class='ocrx_word' id='word_1_241' title='bbox 1197 2925 1371 3003; x_wconf 83' lang='lat' dir='ltr'><strong>Magistrum</strong></span> 
     </span>
     <span class='ocr_line' id='line_1_30' title="bbox 268 3002 1370 3083; baseline 0.005 -18"><span class='ocrx_word' id='word_1_242' title='bbox 268 3003 436 3066; x_wconf 61' lang='lat' dir='ltr'><strong>«Iohannem</strong></span> <span class='ocrx_word' id='word_1_243' title='bbox 450 3005 490 3064; x_wconf 88' lang='lat' dir='ltr'><strong>fil&#39;</strong></span> <span class='ocrx_word' id='word_1_244' title='bbox 504 3005 625 3066; x_wconf 84' lang='lat' dir='ltr'><strong>Gnrrcd’</strong></span> <span class='ocrx_word' id='word_1_245' title='bbox 646 3007 782 3066; x_wconf 90' lang='lat' dir='ltr'><strong>clericum</strong></span> <span class='ocrx_word' id='word_1_246' title='bbox 801 3005 839 3066; x_wconf 91' lang='lat' dir='ltr'><strong>ad</strong></span> <span class='ocrx_word' id='word_1_247' title='bbox 859 3004 1019 3083; x_wconf 88' lang='lat' dir='ltr'><strong>predictam</strong></span> <span class='ocrx_word' id='word_1_248' title='bbox 1038 3002 1176 3066; x_wconf 83' lang='lat' dir='ltr'><strong>vicariam</strong></span> <span class='ocrx_word' id='word_1_249' title='bbox 1195 3006 1314 3068; x_wconf 87' lang='lat' dir='ltr'><strong>ecclesie</strong></span> <span class='ocrx_word' id='word_1_250' title='bbox 1334 3010 1370 3070; x_wconf 87' lang='lat' dir='ltr'><strong>de</strong></span> 
     </span>
     <span class='ocr_line' id='line_1_31' title="bbox 268 3085 1370 3164; baseline 0.005 -20"><span class='ocrx_word' id='word_1_251' title='bbox 268 3085 392 3145; x_wconf 81' lang='lat' dir='ltr'><strong>Auford’</strong></span> <span class='ocrx_word' id='word_1_252' title='bbox 401 3092 432 3145; x_wconf 87' lang='lat' dir='ltr'><strong>ct</strong></span> <span class='ocrx_word' id='word_1_253' title='bbox 444 3087 553 3164; x_wconf 89' lang='lat' dir='ltr'><strong>capella</strong></span> <span class='ocrx_word' id='word_1_254' title='bbox 566 3086 603 3147; x_wconf 92' lang='lat' dir='ltr'><strong>de</strong></span> <span class='ocrx_word' id='word_1_255' title='bbox 613 3087 746 3164; x_wconf 86' lang='lat' dir='ltr'><strong>Riggcby</strong></span> <span class='ocrx_word' id='word_1_256' title='bbox 755 3086 883 3159; x_wconf 88' lang='lat' dir='ltr'><strong>admisit,</strong></span> <span class='ocrx_word' id='word_1_257' title='bbox 896 3087 1050 3163; x_wconf 86' lang='lat' dir='ltr'><strong>ipsumque</strong></span> <span class='ocrx_word' id='word_1_258' title='bbox 1063 3087 1096 3146; x_wconf 93' lang='lat' dir='ltr'><strong>in</strong></span> <span class='ocrx_word' id='word_1_259' title='bbox 1109 3087 1218 3147; x_wconf 91' lang='lat' dir='ltr'><strong>eisdem</strong></span> <span class='ocrx_word' id='word_1_260' title='bbox 1230 3088 1370 3150; x_wconf 84' lang='lat' dir='ltr'><strong>ricarium</strong></span> 
     </span>
     <span class='ocr_line' id='line_1_32' title="bbox 268 3166 1371 3246; baseline 0.005 -20"><span class='ocrx_word' id='word_1_261' title='bbox 268 3170 442 3244; x_wconf 84' lang='lat' dir='ltr'><strong>perpetuum</strong></span> <span class='ocrx_word' id='word_1_262' title='bbox 450 3167 589 3242; x_wconf 84' lang='lat' dir='ltr'><strong>instituit,</strong></span> <span class='ocrx_word' id='word_1_263' title='bbox 598 3167 691 3226; x_wconf 89' lang='lat' dir='ltr'><strong>dictos</strong></span> <span class='ocrx_word' id='word_1_264' title='bbox 699 3186 814 3245; x_wconf 88' lang='lat' dir='ltr'><strong>quoque</strong></span> <span class='ocrx_word' id='word_1_265' title='bbox 823 3166 953 3226; x_wconf 85' lang='lat' dir='ltr'><strong>Priorem</strong></span> <span class='ocrx_word' id='word_1_266' title='bbox 961 3171 990 3226; x_wconf 90' lang='lat' dir='ltr'><strong>ct</strong></span> <span class='ocrx_word' id='word_1_267' title='bbox 999 3167 1151 3227; x_wconf 86' lang='lat' dir='ltr'><strong>canonicos</strong></span> <span class='ocrx_word' id='word_1_268' title='bbox 1159 3167 1196 3228; x_wconf 92' lang='lat' dir='ltr'><strong>ad</strong></span> <span class='ocrx_word' id='word_1_269' title='bbox 1204 3171 1371 3246; x_wconf 87' lang='lat' dir='ltr'><strong>porcionem</strong></span> 
     </span>
     <span class='ocr_line' id='line_1_33' title="bbox 269 3247 1370 3326; baseline 0.004 -18"><span class='ocrx_word' id='word_1_270' title='bbox 269 3266 326 3325; x_wconf 90' lang='lat' dir='ltr'><strong>que</strong></span> <span class='ocrx_word' id='word_1_271' title='bbox 339 3248 418 3325; x_wconf 85' lang='lat' dir='ltr'><strong>ipsos</strong></span> <span class='ocrx_word' id='word_1_272' title='bbox 431 3247 506 3307; x_wconf 91' lang='lat' dir='ltr'><strong>sicut</strong></span> <span class='ocrx_word' id='word_1_273' title='bbox 519 3247 552 3307; x_wconf 93' lang='lat' dir='ltr'><strong>in</strong></span> <span class='ocrx_word' id='word_1_274' title='bbox 566 3247 750 3308; x_wconf 87' lang='lat' dir='ltr'><strong>ordinacione</strong></span> <span class='ocrx_word' id='word_1_275' title='bbox 763 3247 936 3326; x_wconf 89' lang='lat' dir='ltr'><strong>premissum</strong></span> <span class='ocrx_word' id='word_1_276' title='bbox 949 3252 993 3306; x_wconf 90' lang='lat' dir='ltr'><strong>ast</strong></span> <span class='ocrx_word' id='word_1_277' title='bbox 1003 3249 1126 3326; x_wconf 91' lang='lat' dir='ltr'><strong>contigit</strong></span> <span class='ocrx_word' id='word_1_278' title='bbox 1138 3248 1264 3310; x_wconf 87' lang='lat' dir='ltr'><strong>admisit.</strong></span> <span class='ocrx_word' id='word_1_279' title='bbox 1306 3251 1338 3311; x_wconf 85' lang='lat' dir='ltr'>N</span> <span class='ocrx_word' id='word_1_280' title='bbox 1338 3271 1370 3312; x_wconf 90' lang='lat' dir='ltr'><strong>os</strong></span> 
     </span>
     <span class='ocr_line' id='line_1_34' title="bbox 269 3328 1371 3407; baseline 0.005 -19"><span class='ocrx_word' id='word_1_281' title='bbox 269 3329 359 3406; x_wconf 87' lang='lat' dir='ltr'><strong>igitur</strong></span> <span class='ocrx_word' id='word_1_282' title='bbox 378 3328 537 3406; x_wconf 88' lang='lat' dir='ltr'><strong>predictam</strong></span> <span class='ocrx_word' id='word_1_283' title='bbox 560 3329 755 3406; x_wconf 87' lang='lat' dir='ltr'><strong>provisionem</strong></span> <span class='ocrx_word' id='word_1_284' title='bbox 779 3334 810 3388; x_wconf 89' lang='lat' dir='ltr'><strong>et</strong></span> <span class='ocrx_word' id='word_1_285' title='bbox 832 3328 1046 3389; x_wconf 87' lang='lat' dir='ltr'><strong>ordinacionem</strong></span> <span class='ocrx_word' id='word_1_286' title='bbox 1072 3329 1222 3407; x_wconf 81' lang='lat' dir='ltr'><strong>aprsfato</strong></span> <span class='ocrx_word' id='word_1_287' title='bbox 1246 3331 1371 3393; x_wconf 88' lang='lat' dir='ltr'><strong>Officiali</strong></span> 
     </span>
     <span class='ocr_line' id='line_1_35' title="bbox 269 3408 1372 3491; baseline 0.004 -22"><span class='ocrx_word' id='word_1_288' title='bbox 269 3415 370 3470; x_wconf 87' lang='lat' dir='ltr'><strong>nostro</strong></span> <span class='ocrx_word' id='word_1_289' title='bbox 383 3410 491 3470; x_wconf 83' lang='lat' dir='ltr'><strong>factam</strong></span> <span class='ocrx_word' id='word_1_290' title='bbox 503 3414 597 3470; x_wconf 86' lang='lat' dir='ltr'><strong>ratam</strong></span> <span class='ocrx_word' id='word_1_291' title='bbox 610 3408 750 3469; x_wconf 86' lang='lat' dir='ltr'><strong>habentes</strong></span> <span class='ocrx_word' id='word_1_292' title='bbox 770 3414 800 3469; x_wconf 89' lang='lat' dir='ltr'><strong>et</strong></span> <span class='ocrx_word' id='word_1_293' title='bbox 819 3413 939 3486; x_wconf 89' lang='lat' dir='ltr'><strong>gratam,</strong></span> <span class='ocrx_word' id='word_1_294' title='bbox 954 3429 1017 3468; x_wconf 90' lang='lat' dir='ltr'><strong>sam</strong></span> <span class='ocrx_word' id='word_1_295' title='bbox 1031 3411 1202 3472; x_wconf 87' lang='lat' dir='ltr'><strong>auctoritate</strong></span> <span class='ocrx_word' id='word_1_296' title='bbox 1215 3413 1372 3491; x_wconf 88' lang='lat' dir='ltr'><strong>episcopali</strong></span> 
     </span>
    </p>
   </div>
   <div class='ocr_carea' id='block_1_6' title="bbox 269 3489 1371 4056">
    <p class='ocr_par' dir='ltr' id='par_1_7' title="bbox 269 3489 1371 4056">
     <span class='ocr_line' id='line_1_36' title="bbox 270 3489 1371 3572; baseline 0.005 -22"><span class='ocrx_word' id='word_1_297' title='bbox 270 3492 479 3552; x_wconf 81' lang='lat' dir='ltr'><strong>confirmamus</strong></span> <span class='ocrx_word' id='word_1_298' title='bbox 523 3489 620 3552; x_wconf 83' lang='lat' dir='ltr'><strong>Salvis</strong></span> <span class='ocrx_word' id='word_1_299' title='bbox 639 3491 673 3549; x_wconf 93' lang='lat' dir='ltr'><strong>in</strong></span> <span class='ocrx_word' id='word_1_300' title='bbox 693 3491 829 3550; x_wconf 89' lang='lat' dir='ltr'><strong>omnibus</strong></span> <span class='ocrx_word' id='word_1_301' title='bbox 849 3490 1060 3568; x_wconf 89' lang='lat' dir='ltr'><strong>episcopalibus</strong></span> <span class='ocrx_word' id='word_1_302' title='bbox 1080 3490 1132 3554; x_wconf 76' lang='lat' dir='ltr'><strong>dcc.</strong></span> <span class='ocrx_word' id='word_1_303' title='bbox 1175 3493 1216 3553; x_wconf 87' lang='lat' dir='ltr'><strong>Et</strong></span> <span class='ocrx_word' id='word_1_304' title='bbox 1228 3493 1261 3553; x_wconf 92' lang='lat' dir='ltr'><strong>in</strong></span> <span class='ocrx_word' id='word_1_305' title='bbox 1280 3492 1371 3572; x_wconf 85' lang='lat' dir='ltr'><strong>hujus</strong></span> 
     </span>
     <span class='ocr_line' id='line_1_37' title="bbox 269 3571 1371 3654; baseline 0.004 -21"><span class='ocrx_word' id='word_1_306' title='bbox 269 3573 312 3632; x_wconf 85' lang='lat' dir='ltr'><strong>rei</strong></span> <span class='ocrx_word' id='word_1_307' title='bbox 335 3571 535 3633; x_wconf 88' lang='lat' dir='ltr'><strong>testimonium</strong></span> <span class='ocrx_word' id='word_1_308' title='bbox 554 3572 682 3649; x_wconf 86' lang='lat' dir='ltr'><strong>presenti</strong></span> <span class='ocrx_word' id='word_1_309' title='bbox 705 3576 783 3632; x_wconf 89' lang='lat' dir='ltr'><strong>carte</strong></span> <span class='ocrx_word' id='word_1_310' title='bbox 804 3571 931 3650; x_wconf 84' lang='lat' dir='ltr'><strong>sigillum</strong></span> <span class='ocrx_word' id='word_1_311' title='bbox 950 3576 1083 3632; x_wconf 86' lang='lat' dir='ltr'><strong>nostrum</strong></span> <span class='ocrx_word' id='word_1_312' title='bbox 1102 3592 1162 3634; x_wconf 89' lang='lat' dir='ltr'><strong>una</strong></span> <span class='ocrx_word' id='word_1_313' title='bbox 1185 3593 1252 3634; x_wconf 91' lang='lat' dir='ltr'><strong>cum</strong></span> <span class='ocrx_word' id='word_1_314' title='bbox 1274 3576 1371 3654; x_wconf 91' lang='lat' dir='ltr'><strong>sigillo</strong></span> 
     </span>
     <span class='ocr_line' id='line_1_38' title="bbox 271 3651 1371 3734; baseline 0.003 -20"><span class='ocrx_word' id='word_1_315' title='bbox 271 3653 403 3732; x_wconf 86' lang='lat' dir='ltr'><strong>Capituli</strong></span> <span class='ocrx_word' id='word_1_316' title='bbox 417 3653 510 3712; x_wconf 88' lang='lat' dir='ltr'><strong>nostri</strong></span> <span class='ocrx_word' id='word_1_317' title='bbox 523 3652 605 3713; x_wconf 85' lang='lat' dir='ltr'><strong>Linc&#39;</strong></span> <span class='ocrx_word' id='word_1_318' title='bbox 625 3652 764 3713; x_wconf 85' lang='lat' dir='ltr'><strong>duximus</strong></span> <span class='ocrx_word' id='word_1_319' title='bbox 784 3651 997 3730; x_wconf 88' lang='lat' dir='ltr'><strong>apponendum.</strong></span> <span class='ocrx_word' id='word_1_320' title='bbox 1039 3653 1175 3715; x_wconf 86' lang='lat' dir='ltr'><strong>Testibus</strong></span> <span class='ocrx_word' id='word_1_321' title='bbox 1191 3661 1325 3734; x_wconf 87' lang='lat' dir='ltr'><strong>utsupra</strong></span> <span class='ocrx_word' id='word_1_322' title='bbox 1337 3659 1371 3717; x_wconf 92' lang='lat' dir='ltr'><strong>in</strong></span> 
     </span>
     <span class='ocr_line' id='line_1_39' title="bbox 269 3732 1369 3812; baseline 0.003 -18"><span class='ocrx_word' id='word_1_323' title='bbox 269 3735 363 3811; x_wconf 90' lang='lat' dir='ltr'><strong>prima</strong></span> <span class='ocrx_word' id='word_1_324' title='bbox 377 3739 455 3796; x_wconf 86' lang='lat' dir='ltr'><strong>certa</strong></span> <span class='ocrx_word' id='word_1_325' title='bbox 467 3733 540 3794; x_wconf 90' lang='lat' dir='ltr'><strong>anni</strong></span> <span class='ocrx_word' id='word_1_326' title='bbox 561 3733 675 3806; x_wconf 85' lang='lat' dir='ltr'><strong>decimi,</strong></span> <span class='ocrx_word' id='word_1_327' title='bbox 696 3735 838 3811; x_wconf 85' lang='lat' dir='ltr'><strong>appositis</strong></span> <span class='ocrx_word' id='word_1_328' title='bbox 856 3732 906 3793; x_wconf 89' lang='lat' dir='ltr'><strong>bic</strong></span> <span class='ocrx_word' id='word_1_329' title='bbox 929 3734 1023 3794; x_wconf 84' lang='lat' dir='ltr'><strong>Raim’</strong></span> <span class='ocrx_word' id='word_1_330' title='bbox 1047 3735 1249 3796; x_wconf 88' lang='lat' dir='ltr'><strong>archidiacono</strong></span> <span class='ocrx_word' id='word_1_331' title='bbox 1269 3737 1369 3812; x_wconf 88' lang='lat' dir='ltr'><strong>Leirc’‚</strong></span> 
     </span>
     <span class='ocr_line' id='line_1_40' title="bbox 270 3811 1368 3893; baseline 0.005 -19"><span class='ocrx_word' id='word_1_332' title='bbox 270 3815 306 3878; x_wconf 90' lang='lat' dir='ltr'><strong>R.</strong></span> <span class='ocrx_word' id='word_1_333' title='bbox 321 3815 359 3874; x_wconf 88' lang='lat' dir='ltr'><strong>de</strong></span> <span class='ocrx_word' id='word_1_334' title='bbox 372 3815 483 3890; x_wconf 86' lang='lat' dir='ltr'><strong>Hulm’,</strong></span> <span class='ocrx_word' id='word_1_335' title='bbox 498 3815 533 3875; x_wconf 74' lang='lat' dir='ltr'><strong>It</strong></span> <span class='ocrx_word' id='word_1_336' title='bbox 549 3813 586 3874; x_wconf 94' lang='lat' dir='ltr'><strong>dc</strong></span> <span class='ocrx_word' id='word_1_337' title='bbox 599 3814 764 3890; x_wconf 85' lang='lat' dir='ltr'><strong>Lindrvud’,</strong></span> <span class='ocrx_word' id='word_1_338' title='bbox 780 3815 828 3876; x_wconf 90' lang='lat' dir='ltr'><strong>W.</strong></span> <span class='ocrx_word' id='word_1_339' title='bbox 844 3811 950 3875; x_wconf 88' lang='lat' dir='ltr'><strong>Bln&#39;do</strong></span> <span class='ocrx_word' id='word_1_340' title='bbox 963 3820 994 3875; x_wconf 93' lang='lat' dir='ltr'><strong>et</strong></span> <span class='ocrx_word' id='word_1_341' title='bbox 1006 3817 1148 3893; x_wconf 89' lang='lat' dir='ltr'><strong>Magistro</strong></span> <span class='ocrx_word' id='word_1_342' title='bbox 1162 3817 1211 3877; x_wconf 90' lang='lat' dir='ltr'><strong>W.</strong></span> <span class='ocrx_word' id='word_1_343' title='bbox 1228 3816 1264 3877; x_wconf 91' lang='lat' dir='ltr'><strong>dc</strong></span> <span class='ocrx_word' id='word_1_344' title='bbox 1277 3818 1368 3880; x_wconf 90' lang='lat' dir='ltr'><strong>Linc’.</strong></span> 
     </span>
     <span class='ocr_line' id='line_1_41' title="bbox 269 3893 1370 3975; baseline 0.005 -21"><span class='ocrx_word' id='word_1_345' title='bbox 269 3895 339 3956; x_wconf 86' lang='lat' dir='ltr'><strong>Dat&#39;</strong></span> <span class='ocrx_word' id='word_1_346' title='bbox 353 3915 405 3974; x_wconf 87' lang='lat' dir='ltr'><strong>per</strong></span> <span class='ocrx_word' id='word_1_347' title='bbox 417 3915 520 3956; x_wconf 89' lang='lat' dir='ltr'><strong>manus</strong></span> <span class='ocrx_word' id='word_1_348' title='bbox 530 3893 579 3956; x_wconf 89' lang='lat' dir='ltr'><strong>W.</strong></span> <span class='ocrx_word' id='word_1_349' title='bbox 596 3894 633 3956; x_wconf 89' lang='lat' dir='ltr'><strong>de</strong></span> <span class='ocrx_word' id='word_1_350' title='bbox 646 3895 764 3956; x_wconf 83' lang='lat' dir='ltr'><strong>Tornac&#39;</strong></span> <span class='ocrx_word' id='word_1_351' title='bbox 778 3895 974 3956; x_wconf 89' lang='lat' dir='ltr'><strong>archidiaconi</strong></span> <span class='ocrx_word' id='word_1_352' title='bbox 987 3896 1083 3958; x_wconf 86' lang='lat' dir='ltr'><strong>Stowe</strong></span> <span class='ocrx_word' id='word_1_353' title='bbox 1096 3899 1129 3958; x_wconf 88' lang='lat' dir='ltr'><strong>in</strong></span> <span class='ocrx_word' id='word_1_354' title='bbox 1143 3897 1279 3975; x_wconf 82' lang='lat' dir='ltr'><strong>Capitulo</strong></span> <span class='ocrx_word' id='word_1_355' title='bbox 1287 3898 1370 3960; x_wconf 88' lang='lat' dir='ltr'><strong>Linc&#39;</strong></span> 
     </span>
     <span class='ocr_line' id='line_1_42' title="bbox 269 3976 1215 4056; baseline 0.005 -20"><span class='ocrx_word' id='word_1_356' title='bbox 269 3976 349 4056; x_wconf 90' lang='lat' dir='ltr'><strong>apud</strong></span> <span class='ocrx_word' id='word_1_357' title='bbox 361 3977 494 4038; x_wconf 86' lang='lat' dir='ltr'><strong>Lincoln&#39;</strong></span> <span class='ocrx_word' id='word_1_358' title='bbox 508 3977 576 4055; x_wconf 83' lang='lat' dir='ltr'><strong>xiij⁰</strong></span> <span class='ocrx_word' id='word_1_359' title='bbox 588 3977 646 4038; x_wconf 86' lang='lat' dir='ltr'><strong>kal</strong></span> <span class='ocrx_word' id='word_1_360' title='bbox 662 3978 765 4055; x_wconf 77' lang='lat' dir='ltr'><strong>Marcii</strong></span> <span class='ocrx_word' id='word_1_361' title='bbox 779 3978 966 4056; x_wconf 86' lang='lat' dir='ltr'><strong>pontificatus</strong></span> <span class='ocrx_word' id='word_1_362' title='bbox 978 3979 1072 4038; x_wconf 88' lang='lat' dir='ltr'><strong>nostri</strong></span> <span class='ocrx_word' id='word_1_363' title='bbox 1084 3997 1162 4040; x_wconf 88' lang='lat' dir='ltr'><strong>auno</strong></span> <span class='ocrx_word' id='word_1_364' title='bbox 1175 3987 1215 4041; x_wconf 52' lang='grc' dir='ltr'>ιιι).</span> 
     </span>
    </p>
   </div>
   <div class='ocr_carea' id='block_1_7' title="bbox 331 4134 1370 4282">
    <p class='ocr_par' dir='ltr' id='par_1_8' title="bbox 331 4134 1370 4282">
     <span class='ocr_line' id='line_1_43' title="bbox 331 4134 907 4192; baseline 0 -2"><span class='ocrx_word' id='word_1_365' title='bbox 331 4135 553 4191; x_wconf 77' lang='grc' dir='ltr'>ΑῠνΟΟΑΟΙΟ</span> <span class='ocrx_word' id='word_1_366' title='bbox 566 4134 613 4189; x_wconf 80' lang='grc' dir='ltr'><strong>ΟΕ</strong></span> <span class='ocrx_word' id='word_1_367' title='bbox 627 4135 907 4192; x_wconf 66' lang='lat' dir='ltr'><strong>Mtsstwonnrsi</strong></span> 
     </span>
     <span class='ocr_line' id='line_1_44' title="bbox 331 4200 1370 4282; baseline 0.004 -19"><span class='ocrx_word' id='word_1_368' title='bbox 331 4202 478 4263; x_wconf 89' lang='lat' dir='ltr'><strong>Omnibus</strong></span> <span class='ocrx_word' id='word_1_369' title='bbox 490 4201 536 4261; x_wconf 76' lang='lat' dir='ltr'><strong>bc.</strong></span> <span class='ocrx_word' id='word_1_370' title='bbox 579 4200 679 4276; x_wconf 77' lang='lat' dir='ltr'><strong>Quum</strong></span> <span class='ocrx_word' id='word_1_371' title='bbox 691 4205 741 4281; x_wconf 90' lang='lat' dir='ltr'><strong>pia</strong></span> <span class='ocrx_word' id='word_1_372' title='bbox 752 4203 830 4264; x_wconf 83' lang='lat' dir='ltr'><strong>lacta</strong></span> <span class='ocrx_word' id='word_1_373' title='bbox 842 4202 973 4262; x_wconf 90' lang='lat' dir='ltr'><strong>fidelium</strong></span> <span class='ocrx_word' id='word_1_374' title='bbox 986 4201 1075 4280; x_wconf 88' lang='lat' dir='ltr'><strong>digno</strong></span> <span class='ocrx_word' id='word_1_375' title='bbox 1088 4207 1158 4264; x_wconf 91' lang='lat' dir='ltr'><strong>sunt</strong></span> <span class='ocrx_word' id='word_1_376' title='bbox 1171 4205 1370 4282; x_wconf 87' lang='lat' dir='ltr'><strong>prosequenda</strong></span> 
     </span>
    </p>
   </div>
   <div class='ocr_carea' id='block_1_8' title="bbox 271 4279 1370 4360">
    <p class='ocr_par' dir='ltr' id='par_1_9' title="bbox 271 4279 1370 4360">
     <span class='ocr_line' id='line_1_45' title="bbox 271 4279 1370 4360; baseline 0.004 -16"><span class='ocrx_word' id='word_1_377' title='bbox 271 4285 377 4360; x_wconf 82' lang='lat' dir='ltr'><strong>lavore,</strong></span> <span class='ocrx_word' id='word_1_378' title='bbox 393 4285 425 4346; x_wconf 88' lang='lat' dir='ltr'>N</span> <span class='ocrx_word' id='word_1_379' title='bbox 425 4283 543 4346; x_wconf 84' lang='lat' dir='ltr'><strong>overitis</strong></span> <span class='ocrx_word' id='word_1_380' title='bbox 555 4301 610 4342; x_wconf 89' lang='lat' dir='ltr'><strong>nos</strong></span> <span class='ocrx_word' id='word_1_381' title='bbox 623 4285 809 4346; x_wconf 88' lang='lat' dir='ltr'><strong>collacionem</strong></span> <span class='ocrx_word' id='word_1_382' title='bbox 824 4279 924 4346; x_wconf 80' lang='lat' dir='ltr'><strong>dilecti</strong></span> <span class='ocrx_word' id='word_1_383' title='bbox 933 4283 988 4344; x_wconf 85' lang='lat' dir='ltr'><strong>filii</strong></span> <span class='ocrx_word' id='word_1_384' title='bbox 1001 4283 1138 4348; x_wconf 84' lang='lat' dir='ltr'><strong>Turstaui</strong></span> <span class='ocrx_word' id='word_1_385' title='bbox 1151 4287 1254 4348; x_wconf 86' lang='lat' dir='ltr'><strong>Bassct</strong></span> <span class='ocrx_word' id='word_1_386' title='bbox 1266 4286 1370 4348; x_wconf 87' lang='lat' dir='ltr'><strong>militis</strong></span> 
     </span>
    </p>
   </div>
   <div class='ocr_carea' id='block_1_9' title="bbox 0 0 1641 5096">
    <p class='ocr_par' dir='ltr' id='par_1_10' title="bbox 0 0 1641 5096">
     <span class='ocr_line' id='line_1_46' title="bbox 0 0 1641 5096; baseline 0 0"><span class='ocrx_word' id='word_1_387' title='bbox 0 0 1641 5096; x_wconf 95' lang='lat' dir='ltr'><strong> </strong></span> 
     </span>
    </p>
   </div>
  </div>
 </body>
</html>
