3258 5096
291 531 334 598 98
688 545 792 602 mauu
813 545 992 612 sumanus

291 695 562 776 vimdccnaqnam
575 693 709 756 babetiu
722 695 841 758 eeclesia
860 699 1016 758 memorata
1035 698 1065 757 et
1084 715 1182 758 annua
1195 697 1389 758 nniusmarce

291 777 615 858 pensionequamidem
624 776 760 856 Nigellns
770 777 849 838 dicto
860 777 971 856 Rogare
981 777 1101 838 reddere
1111 777 1389 838 consueviteedente

290 863 324 922 in
334 859 569 938 supplementum
578 857 744 918 defectuum
754 858 871 918 eeclesia
881 859 1044 937 supradicte
1053 859 1117 936 ipso
1129 860 1161 919 N
1161 859 1247 937 igello
1261 860 1387 920 vivente.

291 943 333 1002 Et
351 946 418 1020 post
437 940 585 1002 damasum
604 939 735 1016 ejusdem
753 939 867 1018 Nigelli
889 941 922 1000 in
941 945 1129 1017 angmentum
1148 941 1254 1001 vicarie
1274 941 1390 1000 ecclesie

292 1026 448 1083 memorate
480 1021 694 1100 imperpetuum
727 1021 879 1098 saumata
933 1020 1030 1081 iidem
1062 1026 1160 1082 autem
1187 1022 1329 1084 Canoniei
1354 1021 1391 1081 de

293 1102 438 1181 Dunstap'
471 1121 545 1162 onus
578 1101 703 1180 hospicii
735 1101 943 1162 Archidiaeoni
975 1101 1170 1163 sustinebunt.
1229 1103 1326 1164 Salvis
1354 1103 1392 1162 'in

293 1184 429 1245 omuibus
442 1183 494 1244 aa.
538 1182 626 1260 Quod
645 1188 680 1243 ut
698 1187 867 1262 perpetuum
887 1185 934 1244 dc.
976 1182 1113 1244 Testibus
1131 1183 1244 1244 etDat’
1258 1189 1391 1262 utsupra

294 1265 523 1345 cavtaproxima

353 1441 373 1496 sl
388 1439 505 1495 ΜΑΒΟ·
516 1426 552 1486 de
565 1425 682 1488 molceio
694 1426 730 1486 de
742 1425 797 1488 aa
815 1425 899 1488 wile.

354 1507 499 1569 Omnibus
522 1507 575 1568 &a
617 1506 741 1568 Noverit
764 1507 938 1568 universitas
960 1511 1058 1568 vestra
1080 1526 1134 1568 nos
1160 1507 1197 1567 de
1220 1525 1339 1567 assenm
1362 1512 1392 1567 et

295 1589 446 1652 voluntate
472 1587 643 1649 dilectorum
669 1589 702 1648 in
725 1586 843 1649 Christo
869 1587 924 1648 lilii
946 1589 1053 1667 Rogeri
1076 1589 1189 1650 Deeani
1211 1593 1241 1648 et
1261 1589 1393 1667 Capituli

293 1671 387 1732 nostri
410 1668 493 1730 Line'
513 1669 628 1730 dedisse
650 1673 682 1730 et
704 1671 876 1730 concessisse
902 1670 1016 1730 dilectis
1042 1671 1075 1730 in
1098 1670 1217 1732 Christo
1240 1669 1336 1729 Priori
1362 1675 1393 1730 et

258 1777 266 1794 s
294 1751 475 1813 Monialibus
488 1749 525 1810 de
538 1749 714 1811 Obilresand’
728 1769 817 1810 nuum
837 1769 962 1811 marcam
981 1752 1093 1829 argenti
1106 1751 1143 1812 de
1156 1750 1274 1811 ecelesia
1288 1751 1325 1810 de
1338 1751 1392 1811 Est

294 1831 391 1894 Wicb'
401 1837 469 1910 post
482 1832 630 1892 deessem
640 1831 762 1892 Robusti
771 1831 909 1892 Dunelm'
918 1833 1014 1893 clerioi
1027 1833 1076 1892 eui
1088 1832 1209 1893 eandem
1223 1831 1393 1892 auctoritate

294 1913 410 1974 concilii
429 1913 494 1974 Lat’
513 1913 690 1974 contulimus
708 1933 760 1990 par
779 1931 882 1972 manus
900 1932 999 1974 eornm
1019 1915 1071 1992 qui
1090 1915 1128 1974 ad
1147 1914 1393 1990 presentaeionem

294 1995 439 2056 dictorum
464 1991 521 2076 [jo.
551 1991 618 2077 30¹³]
645 1993 754 2054 Prioris
780 1999 810 2054 et
837 1994 1013 2054 Monielium
1038 2013 1091 2072 pro
1117 2000 1246 2072 tempore
1272 2013 1394 2071 persone

294 2077 405 2136 luerint
430 2075 463 2134 in
490 2075 608 2136 ecelesia
634 2075 746 2153 preiata
774 2076 926 2135 annuatim
959 2075 1077 2136 nomine
1103 2075 1236 2154 perpetui
1261 2074 1394 2135 beneficii

295 2157 516 2236 percipiendam
560 2156 678 2218 Scilicet
697 2156 735 2217 ad
754 2155 863 2216 festum
881 2157 911 2217 S.
926 2157 1079 2218 Michaelis
1098 2157 1250 2216 dimidiam
1269 2175 1393 2216 mamam

295 2243 326 2298 et
338 2237 529 2299 adPascham
541 2237 691 2298 dimidiam
705 2255 838 2300 ulmeam.
874 2237 971 2300 Salvis
983 2240 1017 2299 in
1030 2239 1166 2298 omnibus
1176 2237 1227 2299 dre.
1262 2237 1349 2313 Quod
1360 2241 1395 2297 ut

294 2323 465 2399 perpetuam
477 2317 529 2381 dre.
570 2318 705 2381 Testibus
719 2323 750 2380 et
762 2319 832 2380 Dat'
845 2322 979 2398 utsupra
992 2323 1071 2380 carta
1083 2320 1223 2398 proxima

356 2477 599 2532 witoni-:svam

355 2543 511 2605 Universis
523 2543 576 2604 &a
617 2541 742 2604 Noverit
755 2541 932 2604 universitua
949 2546 1046 2604 vestra
1065 2543 1145 2622 quod
1158 2563 1212 2604 uos
1227 2543 1264 2604 de
1277 2561 1395 2604 assensu

295 2629 326 2685 et
345 2625 497 2686 voluntate
510 2625 615 2703 Rogati
628 2623 741 2684 Decaui
760 2630 790 2685 et
803 2624 935 2702 Capituli
954 2625 1048 2688 nostri
1066 2624 1148 2686 Linc'
1162 2625 1273 2685 lecum
1292 2625 1395 2686 funda·
1455 2673 1459 2678 .

295 2705 388 2768 cionis
401 2707 544 2784 prioratus
557 2706 614 2766 loei
627 2705 658 2768 S.
673 2705 766 2766 Maris
780 2705 817 2766 de
829 2705 1015 2766 Wrokestan'
1033 2725 1100 2766 cum
1119 2705 1236 2784 capitali
1249 2707 1394 2783 mesuagio

296 2793 326 2848 at
348 2791 411 2848 tota
434 2789 513 2848 ousia
536 2793 567 2847 et
588 2787 724 2865 virgultis
746 2791 777 2846 et
799 2787 919 2848 vivariis
939 2787 1073 2863 ejusdam
1096 2787 1167 2847 ville
1189 2791 1219 2847 et
1241 2804 1306 2846 oum
1329 2791 1394 2847 toto

295 2868 441 2930 dominico
453 2874 514 2928 tam
526 2869 560 2928 in
572 2869 647 2946 agris
660 2867 789 2928 colendis
802 2887 891 2946 qnam
903 2868 994 2946 pratis
1007 2873 1037 2928 et
1049 2869 1162 2947 pascuis
1176 2887 1232 2944 que
1245 2867 1395 2944 pertinent

296 2949 334 3010 ad
347 2950 504 3028 predictam
519 2950 674 3010 eeclesiam.
715 2949 948 3011 Advoeacionem
967 2949 1057 3009 eciam
1077 2949 1194 3008 ecclesie
1207 2949 1395 3025 parrochialis

296 3032 424 3109 predicte
437 3031 507 3092 ville
527 3031 564 3091 ds
584 3030 768 3090 Wrolrestan'
788 3049 845 3109 que
865 3029 964 3090 omnia
982 3030 1106 3090 dilectus
1125 3030 1158 3088 in
1178 3029 1296 3090 Christo
1315 3030 1394 3089 filius

296 3112 435 3190 Magister
447 3111 576 3175 Michaal
588 3111 672 3172 Belet
691 3110 829 3172 fundator
849 3111 954 3190 prelati
973 3112 1116 3190 prioratus
1136 3111 1190 3172 deo
1210 3116 1240 3171 et
1256 3111 1285 3172 S.
1302 3111 1395 3170 Mario

295 3199 326 3256 et
340 3193 495 3256 (lenonicia
509 3193 618 3254 ibidem
638 3191 692 3254 deo
712 3193 905 3254 servientibus
924 3197 954 3252 et
973 3191 1349 3271 imperpetuumftervituris
1361 3193 1395 3250 in

220 3325 222 3330 .
295 3275 416 3336 liberam
429 3293 531 3353 puram
543 3279 574 3335 st
586 3277 755 3354 perpetuam
774 3274 960 3334 elemosinam
980 3275 1105 3334 contulit
1118 3275 1216 3352 quieta
1229 3292 1344 3351 prorsus
1357 3273 1396 3333 ab

296 3357 377 3416 omni
389 3357 511 3417 seculari
523 3357 644 3416 servicio
658 3360 688 3415 et
701 3356 860 3416 exactione.
904 3355 1011 3415 Omnia
1024 3355 1114 3414 eciam
1125 3359 1215 3415 terras
1225 3354 1355 3414 redditus
1366 3358 1397 3415 et

296 3441 463 3498 tenemento
475 3437 508 3498 in
519 3442 618 3498 nostra
631 3436 739 3498 diocesi
758 3455 815 3514 que
827 3455 846 3496 a
857 3435 987 3516 predicto
1001 3435 1142 3512 Magistro
1155 3435 1299 3496 Michaele
1312 3435 1397 3512 Belet

296 3519 371 3579 vela
383 3519 604 3597 quibuscunque
613 3517 678 3578 aliis
688 3516 838 3578 datoribus
851 3523 881 3578 et
894 3517 1142 3578 confirmatoribus
1154 3517 1240 3577 dietis
1250 3517 1396 3576 Prioratui

297 3603 327 3658 et
340 3599 496 3660 canonicis
508 3605 578 3660 sunt
591 3599 624 3658 in
633 3598 755 3658 liberam
764 3617 867 3677 puram
877 3603 907 3660 et
916 3602 1085 3677 perpetuam
1095 3599 1281 3658 elemosinam
1291 3597 1396 3658 collate

297 3680 406 3740 eisdem
420 3680 575 3742 Oanonieis
588 3679 664 3740 sieut
680 3681 760 3758 juste
781 3685 811 3740 et
830 3679 1044 3741 racionabiliter
1063 3679 1100 3740 ab
1113 3679 1178 3757 ipso
1191 3679 1335 3739 Miebaele
1347 3678 1396 3740 vel

297 3761 334 3820 ab
360 3761 426 3821 aliis
452 3767 486 3822 ut
513 3761 625 3821 dictum
650 3767 695 3822 est
721 3779 854 3822 concessa
880 3766 950 3822 sunt
976 3765 1006 3821 et
1032 3760 1200 3822 confirmata
1226 3759 1396 3820 auctoritate

297 3842 453 3921 episcopali
461 3841 668 3903 confirmamus.
711 3841 991 3903 Salvisinomnibns
999 3840 1050 3902 dre.
1091 3841 1179 3918 Quod
1186 3844 1221 3903 ut
1227 3845 1395 3920 perpetuam

297 3924 343 3986 &a
387 3924 522 3986 Testibns
535 3928 565 3984 et
578 3922 647 3984 Dat'
661 3927 696 3984 ut
709 3941 795 4002 supra
808 3928 885 3985 carta
898 3928 1000 4002 quarta
1012 3924 1050 3984 ab
1062 3923 1125 3984 ista

359 4123 556 4181 ΒεκρΗεΒγ
570 4110 674 4170 climtd’
687 4108 784 4172 merc’.

357 4189 511 4251 Universis
532 4191 582 4253 dre.
625 4190 749 4253 Noverit
771 4191 945 4252 universitas
967 4194 1066 4252 vestra
1087 4209 1142 4250 nos
1165 4188 1203 4250 da
1226 4207 1343 4249 assensu
1366 4198 1396 4248 et

297 4273 449 4332 voluntate
463 4272 634 4334 dilectorum
646 4272 772 4333 filiorum
783 4273 889 4350 Rogeri
899 4272 1011 4332 Dsoani
1024 4278 1053 4332 et
1067 4271 1197 4349 Capituli
1210 4271 1303 4331 nostri
1314 4269 1396 4330 L'me'

297 4371 411 4414 necnon
438 4357 467 4414 et
494 4353 531 4414 de
565 4373 705 4416 consensu
733 4354 854 4416 Roberti
881 4353 969 4418 Buret
996 4357 1026 4414 et
1053 4353 1194 4416 Katcrine
1221 4351 1319 4412 uxoria
1345 4369 1397 4412 sue
