3248 5092
625 471 781 526 sonorus
802 471 929 526 vnum.
1292 455 1333 524 13

298 631 432 689 WlLlES.
458 620 575 682 Vicaria
600 620 633 682 in
666 619 784 682 ecclesia
817 619 854 680 de
881 619 989 680 Wiliss
1022 637 1079 697 qne
1105 624 1149 682 esc
1175 619 1278 698 prioris
1304 630 1335 684 et

239 708 400 764 conventus
414 701 450 762 de
463 702 495 763 N
495 705 597 780 euport
619 703 789 762 anctoritate
808 701 924 762 concilii
936 701 1068 761 ordinata
1081 701 1214 763 consistit
1227 703 1259 763 in
1272 708 1336 765 toto

237 785 451 863 altaragiocum
464 788 540 844 terra
559 781 676 844 ecclesie
696 786 726 843 et
745 783 822 842 tofto
842 781 880 842 ad
899 783 993 860 ipsam
1013 782 1160 842 ecclesiam
1172 785 1337 862 pertinente

235 871 266 926 et
278 866 311 926 in
323 865 478 926 medietate
492 865 603 926 decime
612 865 764 943 garbarum
777 863 814 922 de
826 864 891 940 ipsa
900 862 1038 940 parochia
1050 865 1292 940 provenienciuna

299 1037 530 1090 sanotwtur.
556 1023 674 1086 Vicaria
686 1025 719 1084 in
728 1023 847 1090 ecclesia
857 1022 894 1083 de
903 1023 1065 1084 Bradevvell
1073 1043 1130 1101 que
1141 1030 1185 1084 est
1193 1025 1337 1088 dictorum

235 1108 339 1188 prioris
366 1111 396 1167 et
423 1110 583 1168 conventus
609 1107 646 1166 de
681 1106 838 1184 Nauporth
864 1105 1034 1166 auctoritate
1060 1106 1177 1166 concilii
1205 1107 1338 1170 ordinata

236 1189 370 1250 consistit
381 1189 414 1248 in
427 1192 490 1249 toto
503 1188 639 1266 altaragio
652 1207 718 1248 cum
732 1187 855 1247 dimidie
866 1187 979 1264 virgata
991 1191 1066 1246 terre
1081 1189 1111 1246 et
1123 1190 1284 1266 messuagio
1299 1190 1337 1250 ad

236 1270 385 1332 ecelesiam
397 1269 612 1348 pertinentibus
631 1272 662 1329 et
680 1269 714 1329 in
733 1269 822 1330 tercia
839 1271 921 1346 parte
940 1266 1051 1328 decime
1067 1267 1218 1346 garbarum
1230 1271 1264 1330 in
1273 1271 1337 1349 ipse

235 1351 372 1432 parochia
385 1351 628 1430 proveniensium
783 1377 784 1382 ¹

296 1521 485 1578 3ΤΑΝΤοΝ.
510 1511 627 1574 Vicaria
646 1511 679 1572 in
698 1510 817 1572 ecclesia
834 1510 871 1570 de
885 1509 1012 1571 Stanton
1031 1528 1089 1588 que
1108 1515 1153 1571 eet
1165 1513 1338 1573 monialium

237 1595 275 1655 de
298 1593 438 1671 Garinges
460 1613 512 1672 per
534 1593 686 1654 dominum
709 1594 875 1670 episcopum
903 1591 1037 1651 ordinata
1062 1593 1196 1652 consistit
1218 1594 1251 1654 in
1275 1599 1338 1655 toto

237 1676 374 1752 alteragio
398 1675 528 1751 ejusdem
555 1674 672 1735 ecclesie
698 1693 765 1734 cum
791 1691 892 1732 manso
920 1677 1102 1749 competente
1122 1674 1205 1733 etin
1224 1675 1338 1736 duabus
1407 1700 1414 1712 ·

238 1757 359 1834 virgatis
372 1760 447 1816 terre
460 1761 490 1815 et
503 1773 601 1816 aarum
610 1754 797 1833 pertinenciis
809 1772 867 1831 que
879 1753 1029 1831 pertinent
1040 1753 1078 1814 ad
1087 1754 1181 1831 ipsam
1190 1755 1339 1816 ecclesiam

238 1838 314 1896 etin
334 1837 453 1897 decimis
479 1837 603 1898 duarum
629 1836 806 1914 virgatarum
832 1839 907 1894 terre
932 1853 1006 1911 quas
1029 1833 1167 1896 Jerardus
1192 1837 1289 1897 tenuit
1308 1843 1339 1897 et

238 1917 359 1978 alierum
388 1918 512 1978 duarum
543 1918 720 1994 virgatemm
753 1920 828 1976 terra
860 1933 933 1994 quas
961 1915 1103 1992 Sampson
1130 1922 1161 1976 et
1189 1917 1340 1980 Bitherius

219 2018 220 2021 ¹
237 2004 403 2060 tennerunt.
438 1999 573 2060 Vicarius
586 2003 684 2058 antem
697 1996 791 2058 solvet
804 1996 947 2056 sinodalia
967 2003 997 2057 ct
1016 1997 1157 2058 moniales
1171 1999 1268 2060 omnia
1282 1999 1339 2061 alie

206 2133 208 2138 .
239 2099 325 2141 onera
337 2079 418 2140 illius
431 2081 549 2141 ecclesie
562 2079 707 2140 ordinarie
719 2079 914 2138 sustinebant

301 2250 485 2307 ΝΕυΡΟΒΤ.
511 2241 628 2302 Vicetia
647 2242 680 2300 in
700 2239 818 2300 ecclesia
837 2240 874 2301 de
895 2239 1029 2318 Nauport
1051 2259 1109 2318 que
1129 2243 1174 2299 eet·
1193 2241 1297 2318 prioris
1309 2248 1340 2302 et

239 2323 445 2384 monachornm
458 2323 588 2399 ejusdcm
597 2321 667 2384 ville
678 2341 714 2382 ex
726 2322 839 2382 dudum
848 2321 981 2383 ordinate
990 2323 1122 2382 consistit
1131 2321 1165 2380 in
1175 2323 1340 2399 provisione

239 2405 430 2482 competentis
442 2403 564 2481 hospitii
587 2404 625 2463 ad
647 2421 721 2480 opus
744 2403 845 2464 vicarii
866 2408 896 2462 et
918 2403 1034 2464 diaconi
1055 2403 1155 2462 idonei
1166 2422 1254 2480 quem
1267 2404 1341 2464 dicti

241 2485 375 2546 monachi
388 2485 483 2544 eidem
496 2485 603 2546 vicario
616 2485 650 2544 in
662 2485 726 2562 ipsa
735 2483 853 2544 ccclesia
863 2483 1095 2544 ministraturum
1105 2484 1257 2546 invenient
1267 2486 1340 2546 etin

240 2566 406 2646 provisione
418 2565 519 2626 vicarii
531 2566 569 2626 ad
589 2584 720 2626 mensam
742 2565 845 2643 prioris
869 2571 899 2626 et
920 2569 1081 2626 conventus
1102 2566 1177 2626 sicut
1202 2567 1289 2630 unius
1303 2585 1341 2626 ex

240 2649 312 2726 ipsis
345 2652 375 2706 et
408 2647 441 2706 in
473 2648 657 2724 perceptione
689 2647 798 2724 viginti
831 2647 988 2706 solidorum
1022 2646 1132 2706 scilicet
1165 2667 1187 2706 x
1220 2647 1271 2706 eol’
1302 2647 1341 2707 ad

241 2729 507 2788 Annunciecionem
523 2727 612 2788 Beate
625 2727 719 2788 Mario
732 2733 762 2788 et
775 2747 796 2788 x
810 2727 861 2788 sol'
881 2729 919 2788 ad
938 2727 1048 2787 festum
1068 2727 1169 2788 Sancti
1188 2727 1341 2788 Michaelis

240 2811 278 2870 ab
290 2810 363 2887 ipsis
376 2809 527 2870 annuatim
540 2809 648 2870 vicario
662 2809 874 2870 solvendorum.
916 2807 965 2868 Ita
978 2807 1057 2887 quod
1070 2809 1104 2868 in
1116 2809 1341 2885 qualibetmisse

241 2891 430 2951 celebratione
452 2889 558 2951 habeat
581 2890 733 2950 denarium
757 2890 783 2950 si
806 2891 970 2968 provenerit
992 2889 1042 2950 vel
1067 2889 1166 2948 minus
1192 2891 1217 2948 si
1243 2891 1341 2950 minue

242 2973 369 3031 evenerit
396 2976 425 3031 et
455 2975 548 3031 totam
582 2971 759 3032 oblationem
791 2972 825 3030 in
858 2971 1086 3031 confessionibus
1118 2971 1284 3030 venientem
1312 2976 1341 3030 et

242 3052 393 3113 tricenaria
402 3071 469 3112 cum
477 3053 626 3112 evenerint
637 3057 667 3111 et
676 3051 815 3129 quicquid
826 3053 854 3111 ei
862 3052 990 3129 legatum
1001 3051 1088 3110 faerit
1098 3057 1164 3128 post
1182 3051 1341 3128 principale

244 3133 727 3211 testamentumecclcsiapercipiat.
764 3130 1341 3210 Italamenquodtestamentumecclesic

241 3213 395 3292 prevaleat.

725 3295 788 3370 [Fe.
803 3290 861 3375 tlt]

302 3410 444 3470 STOWA.
469 3400 588 3461 Viceria
613 3400 647 3460 in
680 3398 798 3460 ccclesia
824 3400 860 3459 ds
895 3399 994 3460 Stowe
1010 3386 1076 3476 'quc
1102 3403 1146 3460 est
1172 3397 1286 3460 abbatis
1313 3405 1343 3462 et

243 3481 412 3544 Conventus
426 3482 462 3542 de
477 3481 546 3542 Osn’
560 3479 732 3542 auctoritate
744 3481 860 3540 concilii
874 3481 1007 3541 ordinata
1023 3480 1155 3541 consistit
1175 3499 1226 3559 per
1245 3484 1343 3543 omnia

241 3567 276 3622 ut
309 3581 396 3640 snpra
428 3563 674 3624 Archidiaconetn
714 3560 810 3622 Oxon'
843 3563 876 3622 in
912 3562 1055 3640 principio
1095 3563 1129 3622 ic
1162 3563 1343 3626 ordinatione

241 3645 399 3720 pectorali*
1126 3673 1129 3678 ·

684 3722 733 3764 *ln
745 3731 758 3764 a
769 3722 826 3764 nter
838 3721 903 3764 nanc.

304 3863 518 3920 KAU’SFELD.
544 3854 663 3916 Vicerie
675 3856 708 3916 in
721 3855 839 3916 ecclesia
851 3855 889 3914 dc
899 3853 1076 3915 Kauersield
1089 3874 1146 3932 que
1165 3860 1210 3915 est
1229 3855 1343 3915 abbatis

242 3942 273 3996 et
286 3937 456 3998 Conventus
470 3937 506 3996 de
518 3935 694 3996 Mesaenden
707 3937 882 3997 auctoritate·
890 3936 1006 3996 concilii
1018 3935 1150 3996 ordinata
1165 3935 1298 3996 consistit
1311 3937 1343 3996 in

242 4022 305 4078 toto
318 4015 455 4094 altaragio
466 4023 495 4078 et
508 4019 541 4078 in
552 4018 687 4078 omnibus
698 4019 819 4078 minutis
830 4017 948 4078 decimis
959 4027 989 4077 et
1002 4018 1035 4076 in
1045 4017 1199 4077 medietate
1213 4019 1343 4078 omnium

242 4097 418 4160 decimarum
430 4098 468 4158 de
488 4119 540 4158 sex
563 4099 682 4176 virgatis
707 4105 781 4158 terre
804 4101 836 4158 in
856 4098 927 4158 villa
947 4099 984 4158 de
1005 4098 1136 4159 Stretton
1154 4103 1183 4158 ct
1196 4099 1229 4158 in
1242 4117 1343 4159 manso

242 4183 424 4318 competente
437 4198 504 4319 {um
516 4180 630 4274 dpabns
643 4181 715 4275 acris
729 4185 803 4274 terre
815 4197 875 4239 nne
888 4179 997 4239 scilicet
1011 4181 1116 4275 inuno
1131 4199 1230 4258 campo
1245 4185 1275 4275 et
1284 4179 1344 4275 alia

242 4262 805 4420 xhriplicatoosglvssssogffiffitsmodalm
822 4266 939 4321 tantum
952 4280 1083 4322 canomc1
1098 4281 1167 4322 veno
1180 4261 1343 4341 hospicium
