3246 5096
614 489 769 547 nononis
796 489 922 548 mne.
1286 475 1327 540 15

284 651 487 710 οΒΕΙΝῠοΝ.
513 641 630 702 Vreeue
641 641 676 700 iu
687 639 806 702 eoeleeie
819 639 856 700 de
866 637 1013 702 Creiudon
1026 657 1083 717 que
1096 643 1141 700 set
1156 639 1282 704 Abbatie
1295 647 1326 704 et

224 726 396 788 Conventus
410 723 447 784 de
460 722 492 784 N
491 723 607 800 uteleye
620 719 742 805 [NantJ.

285 896 462 953 ΟΗΙιΤΟΝ.
488 884 606 946 Vieerie
624 884 658 944 iu
677 882 796 944 eeolesis
814 883 851 944 de
865 881 988 946 Cluilton
1006 901 1064 960 que
1083 886 1129 944 est
1148 883 1275 946 Abbetis
1294 890 1326 947 et

227 969 397 1032 Conventus
410 967 448 1028 de
460 967 492 1028 N
493 965 608 1046 uteleye
621 961 742 1048 [bleeeJeJ.

288 1137 499 1196 ESSENDON.
524 1127 642 1190 Vieerie
660 1128 693 1188 in
713 1125 832 1186 eoeleeie
849 1125 887 1186 de
900 1125 1051 1186 Medon
1071 1143 1129 1204 qne
1145 1130 1189 1187 eet
1201 1127 1331 1190 Abbetie

227 1215 258 1274 et
271 1211 442 1275 Conventus
455 1210 492 1270 de
505 1209 537 1271 N
537 1210 653 1288 uteleye
668 1203 790 1291 [ilenti

288 1381 489 1440 sonemus.
516 1370 633 1432 Vieerie
645 1371 679 1430 in
692 1369 810 1430 eoeleeie
829 1367 866 1428 de
880 1365 1028 1430 Sobiuton
1047 1387 1104 1447 qne
1123 1373 1168 1430 est
1182 1371 1287 1448 prioris
1300 1375 1331 1433 et

228 1455 398 1518 Conventus
410 1453 449 1514 de
462 1451 664 1528 walingeford
677 1451 847 1513 enetoritete
867 1449 983 1510 ooneilii
1003 1449 1137 1512 ordinate
1151 1452 1285 1513 oonsietu‘t
1297 1454 1331 1514 in

227 1542 291 1598 toto
305 1535 441 1614 elturegio
461 1534 542 1594 illiue
562 1533 680 1594 eeelesie
703 1537 733 1594 et
752 1533 785 1592 in
806 1530 926 1591 decimis
946 1530 1046 1592 deoem
1065 1533 1243 1610 virgeterum
1256 1538 1331 1596 torre

229 1617 339 1680 scilieet
360 1617 479 1676 duarum
497 1615 675 1694 virgeterum
699 1612 735 1674 de
759 1612 906 1673 dominico
926 1612 1044 1674 eoeleeie
1063 1614 1202 1675 etunius
1221 1615 1333 1693 virgete

181 1773 183 1776 ¹
229 1718 318 1778 quem
341 1697 471 1776 Rogerus
491 1695 593 1773 Sueyn
615 1700 698 1756 tenet
721 1699 751 1754 et
774 1694 862 1754 unius
882 1693 995 1771 virgeio
1017 1713 1107 1771 quem
1126 1695 1268 1756 Rieerdue
1291 1697 1333 1758 fll'

230 1778 383 1840 Hervvsrdi
395 1783 477 1838 tenet
490 1781 521 1837 et
533 1777 622 1837 unius
634 1777 746 1854 virgeto
759 1794 847 1853 quem
857 1774 984 1836 Metilde
993 1774 1096 1836 Comb'
1106 1780 1187 1838 tenet
1200 1783 1231 1837 et
1244 1778 1333 1838 unius

229 1862 340 1938 virgete
350 1878 438 1936 quem
453 1858 541 1936 Hugo
551 1858 668 1935 Aueeps
677 1861 708 1918 et
721 1855 900 1934 Regineldus
910 1855 1084 1934 Pelliperiue
1094 1862 1125 1918 te
1136 1853 1194 1940 [fo.
1206 1855 1251 1954 δ’]
1260 1864 1334 1920 nent

231 1943 361 2002 etunius
375 1941 487 2017 virgete
500 1957 589 2017 quem
603 1937 753 2000 Cilbertus
765 1937 806 1996 fil'
817 1937 971 1997 Herverdi
983 1943 1064 1997 tenet
1077 1944 1107 1998 et
1121 1940 1209 1998 nnius
1221 1946 1334 2018 vngete
1424 1927 1427 1938 ’

230 2042 319 2102 quem
332 2021 477 2082 Robertne
491 2022 607 2097 Aueepe
621 2024 651 2079 et
664 2019 753 2097 Hugo
769 2017 806 2078 de
819 2017 849 2078 le
862 2017 952 2078 Heise
962 2023 1064 2079 tenent
1077 2024 1108 2080 et
1121 2022 1210 2080 unius
1222 2022 1334 2099 virgete

139 2145 143 2148 -
230 2123 319 2183 quem
334 2101 514 2162 Willielmus
528 2099 659 2178 Snening
671 2105 760 2160 tenet.
804 2099 947 2161 Consistit
960 2099 1049 2160 eoiem
1070 2101 1103 2160 in
1117 2101 1212 2162 tribus
1225 2103 1332 2162 annuis

230 2184 365 2246 eereeetis
380 2181 417 2243 de
430 2183 497 2242 feno
511 2181 725 2242 moneohorum.
767 2179 902 2240 Vieeriue
922 2185 1020 2240 eutem
1033 2181 1177 2242 sinodalis
1189 2183 1334 2260 persolvet

231 2277 260 2328 et
272 2264 408 2326 moneehi
420 2263 581 2342 hospitium
591 2261 798 2323 Arehidieeoni
811 2261 1014 2339 procurabunt.
1056 2262 1106 2322 Ad
1116 2263 1256 2323 iebrioem
1265 2283 1334 2324 vero

231 2347 352 2408 eaneelli
372 2351 402 2406 et
427 2345 657 2405 adornamentis
680 2348 710 2404 et
737 2343 828 2402 libres
854 2346 915 2403 tem
940 2343 1077 2404 moneehi
1101 2363 1189 2422 quern
1208 2345 1334 2405 vieeriue

232 2425 484 2508 proportionaliter
497 2425 647 2486 eonferent
659 2443 712 2504 pro
725 2424 785 2484 suis
799 2423 992 2502 pernionibus.

296 2596 462 2655 lLEMERE.
488 2587 605 2648 Vieerie
617 2586 651 2646 in
663 2585 782 2648 eoolesie
795 2583 832 2646 de
845 2583 967 2660 Ilerner',
978 2585 1113 2663 priorisse
1126 2590 1156 2646 et
1167 2586 1335 2650 Conventui
1354 2619 1357 2625 ,

233 2671 271 2731 de
297 2669 445 2746 Stodleye,
466 2687 519 2745 peu
544 2668 696 2729 domiuum
729 2667 885 2746 nugonem
919 2666 1079 2728 seeundum
1107 2671 1137 2728 et
1164 2668 1334 2747 Capitulum

233 2751 365 2812 Liueoln'
379 2747 502 2834 {blunt}

294 2922 515 2977 wtnoouns.
541 2911 659 2972 Vicerie
672 2911 705 2971 in
719 2909 837 2972 eeolesie
850 2910 887 2970 de
897 2909 1066 2970 Wendoure
1079 2929 1137 2989 que
1149 2912 1335 2990 estpriorisse

235 3001 265 3055 et
289 2995 459 3055 Conventus
482 2993 520 3053 de
539 2992 675 3054 Snvverth
701 3011 739 3052 ex
765 2992 878 3053 dudum
905 2991 1037 3067 ordinate
1060 2993 1193 3052 ooneistit
1215 2993 1249 3052 in
1271 2999 1335 3054 toto

235 3075 372 3152 dturegio
392 3079 422 3133 et
447 3075 481 3132 in
507 3075 596 3134 toreis
621 3079 703 3152 perte
730 3073 840 3134 deeime
866 3073 1019 3150 gerbertum
1047 3073 1084 3134 de
1110 3078 1173 3133 totu
1199 3075 1336 3152 puroehie

235 3155 434 3234 provenientis
460 3159 490 3216 et
524 3155 682 3216 sustinebit
707 3155 832 3216 vieerius
866 3155 965 3214 omnin
991 3173 1078 3216 onere
1111 3155 1192 3216 illius
1217 3155 1336 3216 eoelesie

236 3236 409 3316 episeopulie
421 3239 451 3296 et
464 3235 704 3298 erehidieoonelie
717 3236 817 3297 debite
829 3239 860 3296 et
872 3240 1018 3296 consuetu.

297 3407 431 3464 ΜΑΘΝΑ
444 3408 646 3463 «inussit.
673 3397 789 3459 Vioerie
811 3398 845 3458 in
867 3397 986 3458 eooleeie
1008 3397 1046 3457 de
1067 3397 1176 3477 Megne
1196 3398 1337 3460 Kinebell

236 3499 294 3558 que
313 3483 357 3540 oet
376 3479 503 3540 Abbatis
526 3484 556 3538 et
577 3479 747 3540 Conventus
770 3479 808 3540 de
830 3477 1008 3540 Meseenden
1031 3479 1202 3540 auetoriteto
1221 3481 1337 3541 eoncilii

236 3561 369 3622 ordinate
380 3560 515 3621 oonsistit
533 3561 567 3621 in
586 3564 649 3621 toto
669 3561 807 3638 elmregio
825 3566 855 3621 et
874 3560 907 3620 in
927 3561 1062 3620 omnibus
1082 3561 1204 3621 minutis
1217 3561 1337 3622 decimis

236 3661 375 3721 agnorum
389 3645 419 3702 et
432 3641 586 3702 medietate
599 3641 710 3702 deeime
722 3643 794 3703 leue
838 3641 981 3704 Consistit
994 3641 1085 3702 eeiern
1094 3643 1128 3702 in
1141 3643 1255 3704 duabus
1264 3644 1337 3704 serie

237 3729 311 3784 terre
324 3741 383 3783 une
396 3723 506 3783 scilieet
519 3723 552 3782 in
564 3741 624 3782 uno
638 3739 739 3801 oempo
756 3728 786 3784 et
804 3723 862 3784 elie
880 3723 914 3782 in
927 3723 984 3782 elio
997 3727 1028 3782 et
1041 3743 1141 3783 menso
1155 3729 1337 3802 competente

237 3805 332 3866 eidem
351 3805 457 3865 vioerie
477 3805 620 3880 essigneto
640 3805 750 3864 seilicet
770 3825 808 3884 ex
827 3805 961 3881 opposito
980 3809 1063 3881 porte
1083 3805 1218 3865 cimiterii
1237 3823 1338 3866 verens

237 3891 374 3946 austrum.
429 3885 470 3944 Et
497 3885 590 3944 solvet
622 3887 747 3946 vicesies
780 3885 923 3946 sinodalis
955 3890 1081 3961 tentum,
1110 3886 1241 3946 eenoniei
1267 3905 1336 3946 vero

237 3966 398 4046 hospitium
410 3965 605 4026 erehidieooni
617 3967 820 4045 procurabunt.

299 4137 518 4192 ΗΕῦΕΝΗΑΜ.
544 4126 661 4190 Vieerie
672 4128 706 4189 in
725 4127 843 4189 ecclesie
863 4126 899 4187 de
913 4125 1089 4188 Hedenhem
1108 4147 1166 4206 que
1179 4132 1223 4188 est
1236 4129 1339 4207 prioris

239 4214 268 4270 et
288 4210 459 4270 Conventus
480 4209 517 4268 de
537 4208 695 4287 Bollane)
724 4228 762 4271 ex
785 4209 898 4270 dudum
918 4209 1050 4269 ordinate
1070 4210 1202 4271 oonsietit
1221 4211 1255 4270 in
1274 4217 1337 4272 toto

238 4291 375 4370 eltsregio
393 4290 511 4352 enclesis
530 4289 569 4350 de
588 4289 763 4352 Hedenhem
786 4296 816 4351 et
838 4291 872 4351 in
894 4295 958 4351 tote
980 4290 1090 4368 oepelle
1109 4292 1147 4351 de
1167 4291 1337 4370 Cudington
