3258 5096
636 489 792 544 susorus
816 489 940 543 usum.
1303 463 1346 540 et

310 654 501 711 εετῃΑεΝΕ
533 637 663 722 [Marici
677 636 796 721 Basso}
851 637 968 699 Vicetia
980 638 1013 698 in
1027 636 1146 699 ecclesia
1159 635 1198 697 de
1209 635 1347 700 Fstrasne

247 743 304 800 que
312 728 357 784 est
365 722 521 784 eorundem
531 721 779 798 consistitintoto
789 721 926 796 altaragio
935 724 1030 797 preter
1039 719 1134 778 linum
1144 719 1347 780 etindecimis

247 805 379 865 omnium
393 803 551 862 croitorum
569 807 664 880 proter
680 802 775 862 linum
793 806 921 878 tempore
940 800 1030 876 hujus
1047 798 1252 876 assignecionis
1271 807 1301 860 et
1314 802 1347 860 in

247 885 367 944 decimis
387 885 540 962 garbarum
563 885 686 943 duarum
710 883 882 942 bovatarum
901 886 976 941 terre
1004 901 1076 958 ques
1105 879 1283 942 Willielmns
1310 881 1347 942 dc

247 966 348 1043 Derhy
360 969 442 1025 tenot
453 965 487 1024 in
505 965 606 1026 eadem
625 964 703 1024 villa
755 964 795 1024 Et
814 969 943 1040 pretores
962 963 1086 1023 vicarius
1106 961 1228 1022 habebit
1247 964 1347 1024 decem

247 1047 355 1108 solidos
374 1043 526 1106 annuatim
549 1045 587 1106 de
607 1045 805 1123 dictis‘priore
825 1050 855 1104 et
876 1049 1022 1104 conuentu
1042 1044 1079 1104 de
1101 1041 1190 1104 Sixle.
1231 1044 1273 1105 Et
1289 1045 1347 1122 ipsi

246 1128 326 1204 prior
344 1132 374 1188 et
394 1131 555 1188 conventus
575 1125 770 1203 procurabunt
793 1125 957 1202 hospicium
976 1121 1183 1184 Archidieconi
1204 1129 1233 1184 ct
1254 1131 1347 1186 cetera

247 1228 333 1269 onera
350 1213 415 1268 tam·
429 1209 574 1269 ordinaria
586 1227 674 1286 quam
687 1206 913 1266 extraordinaris
925 1207 958 1265 in
973 1211 1146 1283 perpetuum
1160 1206 1347 1267 sustinebam

247 1295 277 1350 et
289 1289 486 1368 providebunt
498 1291 606 1351 vicario
617 1289 654 1348 de
663 1289 746 1349 tofto.
788 1289 829 1348 Et
842 1293 886 1348 est
900 1287 1007 1348 vicarie
1020 1293 1091 1348 tuno
1104 1288 1148 1365 iiij
1165 1306 1331 1350 marcarum.

306 1465 596 1520 wiusirscsssrs
622 1446 676 1531 [N.
697 1451 909 1526 Wizuoqtamp
961 1448 1079 1510 vicarie
1105 1450 1138 1508 in
1164 1450 1282 1510 ecclesia
1310 1451 1347 1511 de

247 1533 483 1611 Winelingeham
496 1551 553 1610 que
566 1537 611 1592 cst
630 1530 788 1593 eorundem
808 1530 941 1591 consistit
960 1530 994 1590 in
1014 1535 1077 1590 toto
1095 1530 1232 1607 altaragio
1252 1536 1348 1610 preter

246 1615 340 1675 linum
351 1620 381 1675 et
390 1616 422 1674 in
436 1614 556 1674 decimis
569 1613 701 1674 omnium
714 1613 871 1673 croimrum
884 1611 1015 1688 ejusdem
1029 1612 1100 1672 ville
1113 1616 1242 1691 tempore
1255 1612 1346 1690 hujus

246 1697 452 1774 assignecionis
477 1695 626 1755 reddendo
652 1694 805 1755 annuatim
832 1694 918 1753 dictis
937 1693 1027 1769 priori
1047 1699 1076 1752 et
1096 1694 1254 1754 conventui
1273 1695 1346 1754 duas

246 1797 354 1838 marcas
362 1782 392 1838 et
400 1778 457 1855 ipsi
464 1778 542 1854 prior
552 1781 581 1836 et
591 1780 752 1836 conventus
761 1775 957 1853 procumbunt
965 1773 1128 1852 hospicium
1138 1774 1346 1835 Archidisconi

247 1862 276 1918 et
296 1865 389 1919 cetera
409 1877 495 1919 onere
513 1863 576 1917 tam
594 1857 739 1916 ordinaris
758 1875 843 1934 quom
866 1855 1093 1916 extraordinaris
1116 1857 1150 1915 in
1174 1861 1346 1936 perpetuum

246 1941 432 2000 sustinebunt
456 1944 486 1999 et
508 1937 705 2018 providebunt
728 1938 836 1998 vicario
862 1937 899 1998 de
922 1938 1025 1998 totto„
1048 1938 1089 1997 Et
1112 1943 1156 1998 est
1182 1937 1290 1998 viceris
1306 1938 1347 1998 lx

246 2020 412 2082 solidorum.

306 2197 524 2253 Ttuffisnv
549 2178 692 2263 [Tacitis]
721 2181 1347 2260 VicsrisinecclesiadeTeuslosbyqueeet

246 2265 402 2325 eorundem
422 2264 554 2324 consistit
568 2265 607 2325 ,in
627 2268 690 2323 toto
710 2264 848 2340 altsmgio
867 2267 962 2340 preter
980 2263 1076 2323 linum
1102 2262 1250 2324 reddendo
1277 2265 1348 2326 inde

246 2347 397 2406 annuotmr
410 2347 496 2405 dictis
509 2345 598 2422 priori
611 2350 641 2405 et
661 2345 819 2405 conventui
832 2364 852 2405 v
866 2363 975 2404 marcas
988 2349 1018 2404 et
1032 2344 1191 2406 dimidiam.
1236 2346 1276 2406 Et
1287 2347 1346 2423 ipsi

244 2428 323 2504 prior
342 2432 371 2487 et
391 2431 552 2488 conventus
571 2427 769 2503 procurabunt
791 2426 955 2504 hospicium
975 2427 1182 2487 Archidiaconi
1202 2432 1232 2489 et
1254 2432 1348 2488 cetera

245 2527 331 2568 onera
344 2513 405 2568 tam
415 2508 559 2569 ordinaria
569 2527 657 2586 quom
670 2507 897 2568 extraordinaris
910 2508 1098 2568 sustinebunt
1108 2514 1138 2568 ct
1147 2508 1346 2590 providebunt

244 2589 351 2650 vicario
364 2590 401 2650 de
414 2590 497 2650 tofto.
540 2591 581 2651 Et
594 2595 638 2650 est
650 2589 758 2650 vicaria
770 2609 791 2650 v
804 2608 971 2650 morcarum.

305 2766 480 2821 εΑιΕεΒΥ,
507 2751 626 2812 Vicsrie
643 2753 677 2811 in
697 2751 815 2812 ecclesie
838 2751 875 2812 de
899 2751 1022 2829 Saiesby
1045 2771 1102 2830 que
1124 2755 1169 2812 est
1190 2755 1347 2814 eorundem

246 2835 380 2894 consistit
405 2835 438 2892 in
465 2839 527 2894 toto
554 2834 691 2910 altarsgio
719 2852 785 2893 oum
813 2833 889 2893 tofto
916 2835 1097 2912 assignando.
1145 2834 1187 2893 Et
1212 2836 1291 2912 prior
1318 2841 1349 2896 et

247 2919 408 2976 convontus
421 2915 617 2991 procurabunt
624 2915 799 2991 hospicium
817 2914 1024 2986 Archidieconi
1037 2919 1066 2975 et
1080 2920 1174 2974 cetera
1187 2934 1274 2976 onera
1286 2921 1348 2978 tam

247 2996 392 3058 ordinaria
419 3014 507 3073 quam
534 2995 760 3056 extraordinaris
786 2996 981 3056 sustinebunt.
1030 2994 1071 3055 Et
1097 3001 1143 3056 est
1169 2996 1276 3058 vicarie
1301 2998 1346 3073 iiij

246 3095 405 3136 marcarum
418 3077 593 3154 etamplius.

309 3251 379 3306 εετ
402 3251 567 3307 wicum.
609 3237 727 3298 Vicetia
745 3236 779 3296 in
799 3236 916 3298 ecclesis
936 3237 973 3297 de
992 3237 1047 3298 Est
1067 3237 1191 3300 wicham
1218 3259 1275 3318 que
1302 3244 1347 3300 est

248 3319 404 3380 eorundem
424 3319 556 3378 consistit
575 3318 609 3378 in
627 3322 690 3378 tota
711 3318 830 3379 ecclesie
855 3323 962 3396 protar-
976 3318 1072 3379 linum
1101 3320 1249 3382 reddendo
1275 3320 1347 3382 indc

247 3401 400 3462 annuatim
412 3399 499 3460 dictis
511 3401 601 3478 priori
620 3404 651 3460 et
670 3400 829 3460 conventui
849 3399 921 3460 duas
941 3419 1057 3462 meroes.
1100 3402 1141 3462 Et
1152 3403 1210 3480 ipsi
1223 3403 1302 3481 prior
1315 3407 1346 3464 et

169 3519 172 3526 ·
247 3485 408 3542 conventus
420 3482 617 3560 procurabunt
629 3481 793 3559 hospicium
813 3481 1020 3542 Archidiaconi
1035 3487 1065 3542 ct
1079 3487 1172 3544 cetera
1185 3503 1271 3544 onere
1284 3488 1346 3545 tam

249 3563 393 3626 ordinaris
406 3582 495 3642 quem
508 3563 733 3625 extraordinaris
742 3561 930 3624 sustinebunt
943 3567 973 3623 et
982 3564 1179 3642 providebunt
1188 3567 1296 3627 vicario
1308 3566 1346 3628 dc

248 3645 331 3706 tofto.
374 3644 415 3705 Et
424 3651 470 3706 est
481 3645 588 3707 vicario
601 3645 633 3722 iij
648 3662 808 3706 marearum
821 3647 851 3704 et
864 3644 994 3706 dimidie.

309 3820 466 3876 οΑτΕΒΥ,
505 3807 623 3868 Viceris
646 3807 680 3866 in
703 3807 822 3868 ecclesie
844 3806 882 3868 de
906 3807 1019 3886 Cateby
1042 3828 1099 3887 que
1123 3815 1166 3871 est
1190 3809 1347 3872 sonandam

248 3887 1347 3970 uu

309 4147 415 4204 wass
439 4129 602 4203 monim,
643 4132 760 4194 vicaria
778 4133 811 4194 tn
831 4132 950 4193 ouen
964 4133 1001 4193 ‹10
1014 4133 1250 4196 uetustam
1264 4135 1347 4212 eujus

249 4215 389 4276 medietas
402 4220 446 4277 est
459 4216 563 4293 prioris
576 4220 607 4275 et
619 4220 779 4276 conventus
803 4215 840 4274 de
864 4214 957 4289 Sixle,
977 4215 1066 4276 altera
1085 4217 1225 4278 medietas
1242 4217 1347 4296 prioris

250 4299 280 4356 et
290 4302 451 4359 conventus
460 4297 497 4358 da
507 4296 660 4376 Markeby‚
669 4299 710 4358 sic
720 4302 764 4358 est
774 4296 914 4358 ordinata
950 4295 1347 4364 Vicariushabebitnomine
