3258 5096
277 437 319 502 82
665 449 771 504 um
791 449 969 515 rumonus

275 601 416 682 capellam
441 600 481 662 ad
507 599 657 660 ecclesiam
675 597 713 660 de
732 597 851 660 Berton’
870 599 922 660 sed
942 605 1041 662 tamen
1059 604 1209 680 tamqnam
1228 603 1378 664 matricem

275 683 425 745 ecclesiam
446 682 614 742 invenimus
636 699 701 741 eam
719 679 757 741 de
777 681 912 744 omnibus
926 682 1062 751 oneribus
1075 687 1106 742 et
1118 685 1379 745 consuetudinibus

276 763 488 844 episcopalibus
514 768 545 823 et
571 761 850 823 archidiaconalibus
879 762 1110 840 respondentem.
1152 764 1242 826 Unde
1275 765 1377 826 habito

275 844 541 906 consensuDecani
561 849 591 904 et
611 843 732 922 capituli
751 845 845 906 nostri
864 843 901 904 de
921 845 1042 905 consilio
1058 846 1187 906 virorum
1200 845 1378 924 prudentum

275 927 436 1006 predictam
460 925 608 986 ecclesiam
632 925 669 985 de
692 925 809 985 Berton'
834 945 900 985 cum
913 927 1023 1004 capella
1047 927 1084 987 de
1107 927 1240 988 Saniord’
1262 933 1292 988 et
1313 929 1379 988 aliis

275 1009 463 1087 pertinenciis
482 1007 543 1067 suis
562 1007 693 1084 predicto
711 1005 812 1067 abbati
824 1011 854 1066 et
868 1008 1026 1068 conventui
1038 1009 1253 1086 imperpetuum
1266 1027 1380 1070 conces·

275 1089 650 1232 {lillinldlfiledvi
661 1087 1215 1246 „totptttttttttttlth
1222 1095 1378 1232 tritt

276 1252 396 1312 dinibus
409 1251 447 1312 de
456 1251 585 1330 predicta
593 1249 705 1327 capella
714 1249 752 1310 de
762 1249 1074 1328 flandford'tamquam
1085 1251 1252 1312 deecclesia
1261 1253 1379 1312 matrice

275 1339 311 1392 ut
323 1333 512 1412 prediximus
555 1330 644 1392 Salvo
657 1329 722 1410 (etc)
735 1331 826 1392 eciam
839 1331 1001 1392 Willielmo
1014 1332 1052 1393 de
1065 1333 1096 1394 S.
1108 1332 1130 1393 J
1130 1333 1244 1392 ohanne
1257 1351 1379 1411 persone

275 1413 393 1474 ecclesie
406 1415 443 1476 de
456 1413 573 1474 Berton'
594 1415 624 1472 et
644 1411 681 1472 de
703 1409 859 1474 Sandford’
871 1413 990 1492 pacifica
1014 1415 1196 1492 poosessione
1209 1433 1262 1474 sua
1281 1414 1379 1492 quoad

275 1495 393 1556 vixerit.

337 1667 546 1728 oaoruaoro
559 1654 667 1716 doario
679 1655 715 1716 do
727 1654 854 1716 Betoo'.

338 1738 501 1800 Statuimns
510 1741 609 1797 aotam
618 1738 698 1813 qnod
708 1741 775 1814 post
785 1735 935 1798 decessum
944 1737 1073 1816 predicte
1082 1752 1203 1816 persone
1213 1739 1379 1818 capellanus

275 1820 398 1881 idoneus
411 1818 497 1879 nobie
509 1822 539 1878 et
552 1819 763 1879 successoribus
773 1819 881 1878 nostris
891 1818 929 1879 ed
938 1825 1107 1897 perpetuam
1113 1821 1251 1881 maedam
1261 1821 1379 1882 ecclesie

276 1901 313 1962 de
327 1902 445 1962 Berton'
458 1899 496 1961 ab
509 1899 614 1960 abbate
630 1903 661 1959 et
680 1904 828 1960 conventu
848 1905 1030 1978 presentetur
1042 1903 1095 1980 qui
1108 1903 1249 1981 percipiet
1261 1903 1380 1962 nomine

275 1988 415 2062 perpetue
428 1981 533 2042 vicarie
541 1983 639 2041 toturn
649 1980 821 2058 alteraginm
830 1981 962 2058 ejusdem
973 1982 1091 2044 ecclesie
1100 2001 1167 2042 cum
1177 1983 1300 2043 dimidia
1308 1983 1381 2044 hida

275 2069 351 2124 terre
364 2064 402 2123 ad
415 2062 537 2123 eandem
557 2061 706 2123 ecclesiam
725 2062 891 2140 pertinente
910 2067 940 2124 et
959 2082 1028 2124 cnm
1046 2064 1134 2125 domo
1153 2083 1242 2142 quam
1254 2063 1380 2125 Thomas

275 2164 366 2206 senex
378 2149 467 2206 tenet

337 2305 667 2378 oaoruacroeuare
706 2348 714 2367 .
757 2349 765 2366 .
808 2349 815 2366 .
858 2349 866 2366 .
907 2305 1063 2383 apuleae
1077 2304 1244 2382 maaser.

336 2388 387 2448 Ad
414 2392 584 2464 perpetuam
610 2403 680 2448 uero
705 2385 844 2446 vicariam
871 2387 980 2465 capelle
1006 2387 1044 2448 de
1067 2387 1223 2448 Sandicrd'
1247 2387 1382 2450 similiter

257 2474 458 2550 *presentetur
477 2467 563 2528 nobie
588 2471 618 2528 et
642 2468 853 2528 successoribus
876 2469 983 2528 nostris
1006 2469 1129 2529 idoneus
1154 2469 1319 2548 capellanus
1343 2471 1381 2531 ab

276 2551 386 2612 eisdem
398 2549 451 2626 qui
464 2549 603 2627 percipiet
617 2567 717 2609 omnes
731 2548 924 2609 obvenciones
938 2549 1037 2610 alteris
1051 2551 1182 2628 ejusdem
1192 2552 1301 2628 capelle
1313 2571 1382 2612 cum

257 2639 260 2646 ’
276 2631 399 2693 minutis
410 2630 529 2690 decimis
540 2635 571 2690 et
584 2649 650 2691 cum
664 2634 789 2707 quatuor
801 2630 873 2690 acris
886 2633 917 2690 et
930 2631 1053 2692 dimidie
1062 2632 1101 2691 ad
1112 2632 1233 2692 eandem
1243 2633 1382 2710 capellam

276 2712 498 2794 pertinentibus
541 2711 676 2772 Vicarius
690 2715 788 2770 autem
801 2710 939 2788 adquam
958 2713 1086 2790 pertinet
1103 2713 1226 2773 efficiere
1241 2714 1381 2791 capellam

276 2796 314 2856 dc
327 2793 458 2855 Ledwell
472 2793 500 2852 ei
512 2793 599 2853 faciet
609 2797 695 2870 prout
706 2792 794 2852 debet
804 2791 943 2852 deserviri
953 2798 983 2852 et
991 2794 1131 2872 percipiet
1141 2795 1259 2853 terciam
1269 2801 1382 2872 partem

276 2877 408 2938 omnium
422 2875 599 2935 decimarum
613 2873 649 2933 de
661 2874 757 2934 Graue
770 2893 823 2951 pro
833 2875 992 2936 necessaria
1001 2876 1216 2935 sustentacione
1230 2876 1379 2954 capellani.

277 2957 473 3020 Sustinebant
486 2961 585 3016 autem
598 2955 722 3034 predicti
734 2955 837 3016 vicani
846 2955 948 3024 ,omnia
959 2975 1045 3016 onera
1055 2956 1250 3035 predictarum
1263 2958 1381 3018 ecclesie

275 3043 306 3100 et
321 3037 430 3116 capelle
444 3038 480 3097 de
491 3037 645 3099 Sandford’
656 3037 830 3114 episcopalia
840 3040 869 3096 et
885 3037 1127 3098 archidiaconalia
1140 3043 1277 3098 consueta
1287 3043 1382 3116 preter

275 3119 440 3198 hospicium
454 3119 581 3198 episcopi
594 3124 625 3178 et
644 3117 848 3178 archidiaconi.
890 3117 936 3178 Ut
956 3119 1045 3198 igitur
1058 3119 1156 3179 omnia
1168 3119 1308 3196 premissa
1318 3124 1382 3179 reta

275 3207 306 3262 et
328 3203 500 3262 inconeussa
523 3205 712 3278 permaneant
736 3219 800 3260 eam
823 3200 952 3278 presenti
975 3200 1082 3277 scripto
1108 3204 1138 3259 et
1160 3199 1257 3278 sigillo
1276 3205 1381 3261 noetm

276 3283 415 3344 duximus
448 3281 645 3342 confirmanda
678 3280 753 3362 (eie).
797 3281 895 3342 Salvis
928 3282 961 3340 in
999 3281 1134 3341 omnibus
1170 3282 1382 3360 episcopalibus

276 3361 536 3424 consuetudinibus
569 3368 599 3422 et
625 3362 759 3422 Liucoln'
793 3363 911 3422 ecclesie
945 3361 1096 3440 dignitate
1139 3361 1209 3422 Hiis
1235 3362 1379 3436 Testibus,

275 3443 438 3524 Reginaldo
451 3441 488 3504 de
502 3443 604 3519 (lustr,
618 3442 784 3504 subdecano
797 3442 880 3504 Lino'
894 3443 1020 3518 cccleeie,
1035 3441 1087 3502 dcc
1311 3452 1314 3459 ’

339 3603 391 3658 tta
407 3600 569 3656 ΒυΙΠΟΝ.

301 3695 304 3703 ·
334 3668 497 3741 Universis,
522 3666 574 3728 dcc.
617 3665 741 3728 Noverit
764 3667 938 3728 universitas
965 3672 1061 3729 vestra
1084 3686 1139 3727 nos
1167 3667 1205 3727 de
1235 3687 1378 3731 consensu

274 3751 382 3828 Rogeri
395 3749 497 3810 decani
510 3751 540 3808 et
554 3748 676 3826 capituli
693 3749 786 3809 nostri
799 3747 881 3810 Iinc'
895 3748 996 3810 divine
1009 3749 1126 3828 pietatis
1139 3749 1252 3810 intuitu
1267 3751 1381 3812 dedmee

274 3838 305 3894 et
317 3831 490 3892 concessisse
503 3829 618 3891 dilectis
634 3830 668 3890 in
681 3829 799 3890 Christo
812 3829 881 3890 filiis
900 3829 1002 3891 abbati
1021 3835 1051 3890 et
1071 3831 1230 3891 conventui
1243 3831 1280 3891 de
1294 3833 1380 3894 Osen'

274 3913 348 3974 duos
362 3912 470 3972 solidos
490 3911 524 3970 in
543 3911 663 3972 ecclesia
682 3911 720 3970 de
745 3911 865 3971 Burton'
879 3929 936 3988 que
957 3910 994 3972 de
1014 3931 1112 3972 eornm
1132 3911 1323 3973 advocaeione
1337 3919 1382 3974 est

274 3994 427 4056 annuatim
467 3993 586 4053 nomine
618 3993 752 4071 perpetui
784 3991 919 4052 beneficii
951 3993 1162 4071 percipiendos.
1219 3993 1315 4055 Salvis
1347 3997 1381 4054 in

274 4075 420 4149 omnibns,
447 4072 500 4134 dre.
542 4074 583 4134 Et
609 4077 643 4133 ut
669 4074 723 4134 hec
750 4078 849 4133 nostra
878 4075 1023 4134 concessio
1051 4079 1220 4152 perpetuam
1249 4076 1380 4137 obtineat

273 4157 442 4216 firmitatem
468 4155 596 4232 presenti
630 4156 738 4232 scripto
773 4153 901 4232 sigillum
930 4160 1063 4215 nostrum
1099 4174 1159 4215 una
1186 4175 1254 4216 cum
1285 4158 1381 4234 sigillo

274 4238 398 4315 predicti
410 4236 531 4315 capituli
544 4236 636 4298 nostri
649 4235 730 4296 Linc'
745 4235 884 4296 duximus
898 4235 1112 4316 apponendum
1156 4237 1225 4298 Hiis
1234 4237 1379 4312 Testibus,
