3246 5096
254 478 297 552 24
641 476 745 556 creir
765 497 943 566 merosus

253 655 350 732 preter
361 649 457 712 linum
469 653 499 710 st
511 649 606 711 solvet
624 649 750 712 vicerim
768 651 944 712 monialibus
961 669 1028 730 nup
1042 650 1150 714 eolides
1162 669 1220 730 qne
1232 651 1351 730 quidem

253 731 448 795 invenientei
465 749 600 792 mmsum
619 736 831 810 competentem
846 733 935 810 juxte
954 733 1102 793 ecclem'em
1115 737 1145 794 et
1159 732 1197 793 de
1214 733 1351 794 omnibus

253 814 389 876 oneribus
402 813 532 892 quedem
545 813 662 874 ecclesie
674 812 878 892 providebunt.
909 813 951 876 Et
962 815 1041 876 valet
1053 813 1161 876 vicarie
1172 814 1242 892 iiij«
1256 814 1351 876 merc'

253 895 364 957 Totalis
376 895 495 956 ecclesie
506 895 549 972 xij
564 895 658 955 merc’.

316 1069 549 1126 Βοκεευεκε,
573 1055 691 1118 Vicetia
702 1055 736 1117 in
755 1056 874 1117 ecclesie
892 1055 929 1117 de
948 1055 1104 1116 Bokeeden
1121 1075 1180 1134 que
1192 1060 1237 1117 est
1249 1076 1353 1118 cenon-

254 1139 366 1200 ieornm
377 1138 415 1198 de
428 1137 602 1198 Kaudewall
613 1137 764 1198 exdndum
776 1137 910 1199 ordinate
922 1138 1097 1198 consistitin
1110 1137 1246 1200 omnibus
1258 1143 1353 1217 preter

254 1218 412 1362 &lm
420 1219 529 1280 dictem
548 1218 698 1280 ecclesiam
716 1219 915 1298 spectantibus
933 1237 1002 1280 cem
1015 1237 1116 1280 mense
1128 1219 1255 1297 quodam
1263 1223 1352 1299 juxte

318 1475 520 1531 BEREFORD.
546 1461 664 1523 Vreerie
681 1462 716 1522 in
734 1460 853 1523 ecclesie
871 1462 909 1522 de
927 1461 1065 1522 Bersford
1077 1479 1135 1540 que
1150 1467 1195 1523 est
1206 1463 1310 1541 prioris
1323 1468 1354 1524 et

256 1545 459 1605 canonicorum
472 1543 509 1603 de
521 1543 554 1602 N
553 1543 702 1604 ewenham
715 1543 886 1604 auctoritete
902 1543 1019 1604 concilii
1030 1543 1163 1604 ordinate
1175 1545 1308 1606 consistit
1318 1546 1352 1605 in

256 1630 319 1687 toto
331 1624 469 1702 altategio
488 1628 518 1683 et
537 1625 570 1684 in
590 1623 709 1684 decimis
728 1624 960 1684 molendinorum
980 1629 1010 1683 et
1028 1624 1062 1684 in
1082 1625 1217 1684 omnibns
1229 1627 1352 1686 minutis

256 1707 376 1768 decime
388 1705 593 1783 preterlnnam
612 1709 642 1766 et
661 1723 750 1783 agnos
770 1723 836 1766 cum
855 1723 955 1766 mense
975 1709 1157 1783 competente
1169 1707 1197 1766 ei
1209 1706 1352 1784 mmgneto

256 1788 345 1848 salvis
361 1787 447 1847 dictis
466 1786 555 1864 priori
574 1790 605 1846 et
631 1786 790 1846 conventui
816 1786 930 1848 duabus
949 1787 1052 1846 marcis
1070 1787 1177 1847 annuis
1196 1787 1233 1848 de
1252 1788 1352 1848 eadem

254 1869 363 2012 lim?
375 1867 567 2010 psstreiplrezrdis
579 1868 633 1962 qni
652 1867 890 2010 {diffitendum
900 1886 987 2010 Zigira
995 1868 1210 1988 illiusfleoelesie
1230 1869 1353 1932 sustine·

277 1970 319 2011 un
435 1969 456 2010 v
484 1967 500 2008 e
526 1967 700 2010 vscerrevm
963 1966 1104 2010 essexa.

317 2125 496 2180 κεΝΗΑιε.
522 2110 640 2172 vicarie
658 2111 692 2172 in
711 2109 830 2172 eocledn
848 2110 886 2172 de
905 2110 1037 2172 Renbale
1056 2129 1113 2189 qne
1133 2115 1177 2172 est
1196 2111 1353 2174 eorundem

139 2221 142 2230 ·
255 2193 389 2254 ordinate
407 2197 549 2270 utsupra
568 2193 701 2253 consistit
719 2193 753 2253 in
778 2195 842 2252 toto
860 2192 998 2270 claregio
1017 2197 1062 2265 et¹
1075 2192 1210 2254 omnibus
1229 2194 1353 2254 minutis

254 2274 375 2336 decimis
393 2278 489 2353 preter
508 2293 597 2352 egnes
617 2292 683 2334 cum
703 2293 804 2334 maneo
824 2278 1025 2352 competente:
1045 2272 1118 2334 dieti
1136 2293 1205 2334 vero
1225 2275 1303 2352 prior
1322 2279 1353 2335 et

254 2360 416 2498 ffigsstnxs
429 2355 527 2416 omnia
541 2373 628 2416 onere
647 2359 682 2415 nt
701 2374 795 2434 snpra
837 2355 878 2416 Et
892 2354 1087 2417 raletviceria
1100 2375 1121 2416 v
1133 2353 1228 2416 marc’
1242 2355 1354 2416 Totalis

315 2605 546 2664 ΒΑνΕΝΒῠΕΝ.
572 2597 689 2658 Vicerie
721 2597 755 2658 in
790 2597 908 2658 ecclesie
940 2596 978 2657 de
1010 2596 1185 2658 Reveneden
1216 2615 1275 2675 qne
1308 2603 1352 2659 est

253 2679 410 2740 eorundem
424 2679 556 2739 ordinete
566 2684 600 2739 nt
613 2699 699 2758 supre
711 2679 846 2740 consistit
858 2678 891 2740 in
903 2682 966 2738 toto
979 2677 1116 2755 elteregio
1129 2684 1159 2738 et
1178 2679 1211 2738 in
1231 2679 1352 2740 decimis

252 2759 493 2839 provenientibus
518 2760 556 2820 de
582 2765 644 2820 tote
670 2765 746 2820 terre
771 2759 862 2820 Alani
889 2759 927 2819 de
947 2759 1070 2820 Orewell
1090 2765 1120 2820 et
1139 2759 1176 2820 de
1195 2765 1258 2820 tote
1277 2765 1353 2821 terre

254 2842 411 2903 Willielmi
433 2841 566 2920 Engaine
587 2842 621 2901 in
644 2841 745 2901 eedem
767 2841 840 2902 ville
862 2844 892 2901 et
914 2841 947 2901 in
967 2859 989 2900 x
1008 2840 1108 2902 solidis
1128 2841 1353 2902 detonantibus

253 2924 371 2986 ecclesio
384 2923 464 2984 utin
477 2923 597 3000 antiquo
610 2923 705 2983 rotrrlo
726 2923 760 2982 in
772 2922 906 3000 parochie
926 2921 963 2982 de
982 2921 1164 2983 Revensden.
1205 2922 1246 2982 Et
1259 2923 1353 2985 solvet

253 3005 379 3066 vicarius
388 3009 505 3065 tentum
518 3003 661 3064 sinodalia
672 3003 751 3081 prior
769 3023 839 3064 vero
859 3009 889 3064 et
908 3007 1070 3064 conventus
1084 3004 1183 3063 omnia
1195 3003 1253 3064 alia
1266 3023 1353 3064 onere

254 3085 441 3146 sustinebunt
454 3090 484 3144 et
499 3085 666 3162 injunctum
688 3085 748 3145 fuit
769 3085 983 3146 Arcbidiacono
1006 3084 1039 3144 in
1058 3085 1245 3144 institucione
1265 3085 1351 3146 Abel’

254 3167 356 3228 vicarii
369 3166 449 3246 quod
462 3167 488 3226 ei
501 3166 579 3226 dicte
591 3166 698 3226 vicarie
711 3184 772 3226 non
784 3165 895 3226 valeret
907 3185 928 3226 v
938 3165 1023 3226 merc'
1033 3165 1075 3226 sic
1085 3165 1217 3225 ordinate
1226 3165 1351 3226 ediceret

254 3247 282 3309 ei
294 3248 332 3309 de
344 3248 429 3308 bonis
442 3247 560 3308 ecclesie
573 3252 688 3308 tantm
701 3246 779 3325 quod
792 3247 860 3308 telis
872 3246 979 3308 valoris
992 3252 1067 3308 esset
1080 3248 1239 3308 ennuatina

275 3415 278 3422 '
315 3417 466 3474 ΟΑίεΗΟ.
492 3407 610 3470 Vicerie
628 3409 662 3468 in
681 3409 800 3470 ecclesia
818 3408 856 3469 de
875 3408 982 3469 Kaisso
996 3428 1053 3487 que
1065 3413 1110 3470 est
1121 3409 1293 3470 monialium
1314 3409 1350 3470 de

255 3489 439 3554 Chikessend
462 3490 596 3551 consistit
618 3491 652 3550 in
673 3495 737 3550 toto
760 3489 897 3567 alteregio
920 3495 1017 3568 preter
1038 3491 1134 3554 linum
1156 3511 1224 3552 cum
1250 3511 1350 3552 menso

255 3576 436 3650 competente
449 3570 544 3632 eidem
557 3571 729 3650 sesignendo
753 3575 783 3632 et
805 3571 900 3632 solvet
922 3573 1012 3650 priori
1034 3572 1185 3634 ennuetim
1198 3571 1231 3632 xl
1243 3571 1351 3633 solidos

254 3655 307 3734 qni
317 3654 354 3714 de
363 3652 499 3714 omnibus
508 3653 694 3732 respondebit
703 3657 734 3712 et
742 3651 963 3715 valetviceriev
971 3653 1055 3714 merc'
1063 3653 1347 3716 totelieecclesiexv.

315 3824 551 3881 εΤΑΟΗΕῠΕΝ.
578 3813 695 3876 Vicerie
708 3814 742 3875 in
762 3814 880 3874 ecclesie
893 3813 930 3874 de
943 3813 1108 3876 Stecheden
1120 3832 1177 3894 qne
1191 3819 1235 3876 eet
1247 3815 1350 3894 prioris

255 3904 285 3959 et
298 3902 460 3959 convontus
473 3896 510 3956 de
523 3895 556 3957 N
555 3897 704 3957 ewenham
716 3895 887 3957 auctoritate
900 3896 1016 3957 concilii
1028 3897 1161 3958 ordinete
1172 3896 1306 3958 consistit
1317 3896 1350 3956 in

255 3985 318 4041 toto
331 3979 468 4056 eltaregic
482 3983 511 4038 et
524 3978 558 4038 in
570 3997 629 4038 une
651 3977 763 4056 virgete
785 3982 860 4038 terre
883 3977 974 4038 libere
997 3997 1063 4038 cum
1083 3979 1218 4038 omnibus
1231 3977 1351 4038 decimis

254 4062 316 4122 feni
340 4066 371 4122 et
393 4061 459 4120 eliis
479 4059 587 4120 dictem
606 4058 755 4120 ecclesiam
776 4058 1012 4137 contingentibus
1031 4064 1128 4137 preter
1147 4059 1249 4138 gerbas
1269 4062 1299 4119 et
1318 4059 1351 4119 in

255 4161 356 4204 menso
376 4145 557 4222 competente
576 4159 629 4219 pro
648 4158 707 4220 quo
733 4140 835 4202 reddet
855 4141 1000 4202 canonicis
1019 4159 1040 4202 v
1060 4140 1166 4202 solidos
1192 4141 1262 4218 quie
1289 4159 1351 4201 non

253 4229 298 4285 est
312 4223 349 4284 de
362 4222 481 4283 ecclesie
494 4226 524 4282 et
536 4219 668 4282 canonici
680 4222 868 4282 sustinebunt
887 4222 985 4284 omnic
1004 4240 1092 4282 onere
1111 4227 1142 4283 et
1154 4222 1233 4284 velet
1244 4222 1351 4284 vicerie

254 4301 368 4389 [dant]
382 4304 468 4366 merc'
478 4303 577 4366 totelis
590 4301 708 4366 ecclesie
719 4321 742 4364 x
754 4303 847 4366 maro'.
