3258 5096
267 467 330 532 102
654 481 760 546 treta
779 485 958 550 eumenus

326 646 519 702 ΒΑΜΡΤοΝ*
531 651 596 694 acm
609 634 794 696 ordinacione
806 634 914 696 escae
926 633 1059 712 amam

327 715 472 776 Omnibus
485 714 536 776 &a
578 715 703 776 Noverit
715 717 889 778 universitas
900 721 997 778 vestra
1010 715 1089 795 quud
1101 735 1156 778 nos
1165 716 1203 778 de
1212 717 1362 780 voluntate

267 797 399 876 Capituli
431 797 526 858 Exou’
552 815 639 876 super
671 798 790 858 ecclesia
823 797 860 858 de
885 797 1040 876 Bsmpton'
1061 801 1097 859 'et
1129 799 1266 860 omnibus
1299 802 1362 877 ejus

265 878 452 958 pertinenciis
465 881 495 938 et
508 879 588 939 omni
598 879 664 954 jure
676 879 769 956 ipsius
784 899 815 940 se
834 883 939 957 sponte
958 879 1127 957 simpliciter
1139 886 1169 940 et
1181 899 1253 958 pure
1266 887 1363 941 nostre

265 979 318 1039 per
330 960 428 1020 omnia
446 958 635 1037 subjectionis
655 960 833 1020 ordinacioni
852 965 882 1019 et
902 961 939 1021 de
958 980 1076 1022 assensu
1089 961 1195 1040 Rogcri
1208 961 1321 1022 Deoeni
1333 967 1364 1022 et

266 1041 396 1119 Capituli
419 1043 511 1102 nostri
534 1041 615 1100 Linc’
639 1059 725 1120 super
750 1041 809 1102 biis
835 1041 1050 1102 ordinacionem
1074 1043 1197 1104 fecimus
1219 1043 1253 1103 in
1276 1044 1362 1104 modo

265 1123 436 1200 subscripto.
478 1121 679 1184 Concemimus
693 1122 829 1200 Gepitulo
843 1121 938 1183 Exon'
950 1127 1045 1184 tutem
1056 1123 1137 1184 illem
1151 1125 1318 1202 porcionem
1330 1125 1363 1183 in

265 1204 395 1282 proprios
409 1221 478 1264 usus
490 1203 654 1264 habendam
666 1205 784 1264 nomine
796 1205 929 1282 perpetui
942 1204 1075 1265 beneficii
1089 1220 1177 1282 quam
1190 1205 1228 1266 ab
1241 1207 1363 1283 antiquo

265 1285 669 1362 quandocunqueinpropriis
676 1285 778 1345 usibus
785 1285 1194 1365 consuevitidemCepitulum
1201 1287 1364 1348 retinerent

265 1365 497 1444 quandocunque
510 1365 575 1426 eliis
588 1366 715 1426 conferre
728 1385 780 1445 pro
794 1387 846 1427 sus
858 1367 1018 1428 voluntate.
1050 1367 1161 1428 Verum
1174 1368 1211 1427 de
1227 1369 1362 1446 porcione

266 1445 1363 1526 qnemRobertusdeLucytenuitetaliaporoionequamlobennesfil'Johsn-

265 1691 303 1750 de
322 1690 405 1768 Lucy
424 1691 522 1750 tenuit
543 1696 660 1751 centum
683 1691 790 1752 solidos
815 1709 928 1753 annuos
954 1692 1095 1770 quamdiu
1117 1693 1224 1754 vixerit
1243 1693 1362 1751 nomine

265 1771 400 1832 beneficii
419 1771 556 1850 (lepitulo
577 1771 670 1832 Exon'
688 1773 832 1850 persolvet
854 1774 892 1833 de
911 1773 1012 1834 eadem
1031 1773 1184 1851 porcione:
1211 1771 1233 1833 J
1233 1773 1363 1834 ohannes

265 1871 333 1914 vero
343 1859 517 1914 memoratus
526 1858 584 1914 tres
594 1873 702 1914 meroes
711 1873 822 1914 annues
831 1855 925 1914 eidem
936 1853 1073 1932 Capitulo
1083 1855 1217 1915 similiter
1226 1859 1288 1914 tota
1299 1855 1363 1915 vite

264 1935 409 2012 persolvet
421 1934 459 1995 de
471 1953 524 1995 sue
542 1935 677 2012 porcione
696 1954 769 2013 ques
788 1937 868 2014 prius
885 1935 1004 1996 reddere
1017 1937 1175 1997 consuevit.
1217 1936 1251 1997 Si
1264 1940 1363 1996 autem

265 2017 419 2094 contigerit
432 2015 504 2077 dues
517 2017 666 2094 porciones
679 2035 751 2094 ques
763 2016 886 2095 predicti
899 2021 1002 2077 teuent
1011 2018 1107 2079 clerici
1116 2017 1249 2078 similiter
1260 2035 1361 2078 vacere

265 2097 371 2157 tresde
378 2097 486 2158 eisdem
495 2097 610 2176 equales
619 2099 691 2158 fient
698 2099 847 2176 porciones
857 2103 887 2158 ct
894 2098 1166 2176 illetreeporciones
1174 2100 1215 2160 sic
1225 2098 1363 2158 distincte

265 2182 474 2256 perpepetue
487 2185 573 2239 erunt
584 2179 691 2239 vicarie
704 2180 737 2239 in
750 2179 851 2239 Mem
866 2179 985 2241 ecclesie
1004 2180 1042 2240 ed
1061 2199 1183 2258 quarum
1203 2179 1363 2258 quamlibet

265 2259 496 2338 quandocunque
529 2262 674 2321 vacaverit
704 2259 873 2338 Capitulum
896 2258 1002 2320 Exon’·
1021 2262 1201 2339 presentabit
1223 2261 1363 2321 vicarium

266 2345 438 2418 perpetuum
450 2341 536 2401 nobie
549 2346 579 2401 et
598 2343 808 2402 successoribus
827 2343 934 2402 nostris
953 2341 1167 2403 instituendum
1186 2343 1219 2402 in
1233 2342 1363 2402 eudemo

266 2421 353 2482 nobis
379 2425 409 2481 et
434 2421 559 2500 quilibet
591 2422 708 2482 illorum
735 2423 907 2484 vicariorum
932 2425 1076 2502 persolvet
1103 2423 1240 2502 Capitulo
1267 2421 1361 2482 Exon'

266 2503 1363 2646 tffittmtettttttstt‘fflebem

266 2665 435 2726 sacerdotali
448 2669 478 2725 et
490 2666 707 2744 respondebunt
719 2667 752 2726 in
769 2668 938 2727 universum
950 2667 987 2727 de
1000 2605 1212 2746 egeoopelibus
1223 2666 1361 2726 antidio

266 2747 416 2808 conalibus
429 2747 564 2808 oneribus
577 2751 607 2806 et
620 2749 886 2808 consuetudinibus.
930 2745 978 2808 Ita
988 2749 1060 2827 quid
1070 2749 1149 2826 quod
1162 2747 1362 2825 uuusquisque

266 2845 319 2906 pro
332 2847 384 2888 sus
396 2829 460 2888 viee
474 2833 503 2888 et
516 2847 569 2888 suo
582 2847 659 2888 enno
672 2827 728 2888 hoc
744 2833 789 2890 eet
807 2829 844 2889 de
864 2830 990 2890 triennio
1009 2831 1043 2889 in
1061 2831 1219 2890 triennium
1232 2827 1317 2888 nobis
1332 2831 1363 2888 et

266 2910 476 2976 successoribus
488 2909 595 2970 nostris
612 2915 643 2969 et
654 2909 866 2971 Archidiacono
887 2911 981 2971 Oxon'
994 2917 1056 2970 tem
1075 2911 1111 2970 de
1130 2909 1260 2988 hospicio
1273 2928 1361 2987 quam

267 2989 304 3050 de
330 2991 449 3069 reliquie
476 2991 611 3051 oneribus
637 2992 670 3051 in
696 2991 822 3053 solidum
855 2991 1049 3070 respondebit
1090 2991 1219 3051 Ecclesie
1246 3009 1362 3068 quoque

266 3071 397 3148 ejusdem
416 3072 487 3133 ville
507 3073 543 3132 de
563 3071 715 3151 Bampton'
730 3093 796 3134 cum
817 3074 952 3135 omnibus
972 3073 1157 3152 pertinenciis
1170 3073 1231 3132 suis
1250 3073 1362 3150 integre

266 3152 397 3230 subjecte
410 3154 465 3213 erit
484 3153 698 3232 imperpetuum
710 3155 796 3215 nobis
809 3159 839 3215 et
851 3155 1061 3216 successoribus
1073 3155 1181 3214 nostris
1195 3159 1224 3214 et
1244 3153 1362 3214 ecclesie

267 3232 349 3294 Lino'
372 3239 403 3294 et
426 3235 639 3296 Archidieoono
663 3235 757 3296 Oxou'
781 3241 931 3314 temqusm
957 3237 1075 3296 ecclesie
1097 3235 1277 3314 parochialis.
1328 3233 1362 3294 si

266 3333 335 3374 vero
359 3317 512 3394 contigerit
533 3316 701 3377 alterutram
727 3324 948 3378 memoraturum
973 3317 1097 3378 duarum
1119 3317 1289 3394 porcionem
1310 3333 1362 3392 per

266 3414 298 3455 se
317 3397 398 3473 prius
416 3414 518 3458 vacere
538 3398 623 3459 nobis
647 3403 678 3458 et
701 3399 911 3460 successoribus
934 3399 1040 3460 nostris
1062 3399 1276 3477 presentabitnr
1300 3414 1362 3473 per·

266 3482 373 3554 petuus
392 3478 516 3540 vicarius
535 3497 588 3558 per
606 3484 795 3540 memoratum
816 3479 986 3558 Cepitnlum
1005 3479 1099 3540 Exon’
1119 3479 1158 3539 sd
1177 3479 1250 3540 duas
1266 3481 1362 3556 partes

266 3557 347 3618 illius
379 3560 524 3637 porcionis
556 3579 574 3620 a
607 3560 692 3621 nobis
724 3561 923 3622 instituendus
957 3562 1075 3622 nomine
1112 3579 1235 3638 quarum
1268 3560 1361 3620 solvet

267 3638 404 3718 capitulo
424 3641 519 3701 Exon'
538 3641 669 3718 quinque
683 3660 793 3702 marcas
808 3661 919 3702 annues
934 3643 1053 3704 nomine
1067 3643 1200 3720 perpetui
1219 3640 1360 3702 beneficii.

266 3719 396 3781 Terciam
409 3741 476 3783 uero
489 3728 600 3800 purtem
612 3723 693 3784 illiue
708 3724 852 3800 porcionis
871 3725 984 3784 tenebit
995 3723 1075 3785 idem
1087 3723 1211 3784 vicarius
1223 3721 1363 3783 solvendo

267 3801 337 3862 inde
360 3804 512 3864 annuatim
535 3803 672 3881 capitulo
694 3803 790 3866 Exon'
812 3806 931 3865 nomine
953 3805 1087 3866 beneficii
1106 3804 1180 3865 duas
1202 3823 1312 3866 memes
1333 3805 1363 3862 et

267 3883 419 3946 dimidiam
438 3885 530 3946 donec
549 3885 636 3945 eliem
656 3904 755 3946 vacere
778 3886 931 3964 contigerit
950 3888 1123 3965 porcionem.
1164 3887 1205 3947 Et
1224 3905 1291 3946 cnm
1306 3883 1364 3944 alia

267 3965 364 4042 porcio
378 3967 524 4027 vacaverit
536 3972 607 4027 tunc
621 3965 673 4026 illu
685 3967 774 4027 tercie
786 3969 978 4046 conjungetur
989 3969 1076 4029 tercie
1089 3968 1206 4029 altadus
1218 3965 1363 4048 porcionis

268 4050 349 4108 etex
368 4045 427 4108 illis
448 4047 561 4109 duabus
583 4047 680 4109 tereiis
702 4049 753 4108 fiet
776 4068 836 4109 nne
856 4049 963 4110 vicaria
985 4049 1023 4110 ad
1038 4055 1130 4129 ¹qu'um
1150 4049 1363 4128 presentabitur
1410 4121 1413 4128 .

267 4133 424 4206 perpetuus
449 4129 574 4190 vicarius
606 4148 657 4208 per
683 4129 880 4207 supradictum
909 4130 1079 4210 Capitulum
1104 4131 1199 4192 Eron'
1225 4131 1310 4192 nobis
1333 4131 1363 4188 et

268 4209 479 4272 successoribus
500 4211 607 4272 nostris
629 4230 649 4270 a
669 4210 755 4272 nobis
777 4211 975 4274 instituendus
998 4213 1051 4290 qui
1073 4214 1111 4273 de
1133 4211 1233 4276 eedem
1257 4209 1363 4274 vicaria

268 4290 403 4352 similiter
424 4293 517 4354 solvet
540 4291 677 4371 eapitulo
700 4292 947 4372 Exon''quinque
972 4313 1082 4356 marcas
1107 4313 1219 4356 annues
1244 4294 1362 4355 nomine
