3246 5096
661 495 766 550 LIBER
786 497 965 563 missus

637 743 988 887 &notingham

740 913 803 994 uo·
820 909 877 994 a]

321 1028 353 1082 s.
369 1026 484 1081 ΜΑΒΙΕ
498 1025 766 1082 summopore.
792 1016 910 1078 Vioaria
936 1017 969 1077 in
996 1017 1113 1078 ecclesis
1141 1018 1247 1080 Sancte
1267 1020 1361 1082 Maris

262 1099 409 1159 Huntiud’
422 1117 479 1176 que
495 1102 541 1158 est
563 1099 766 1158 canonicorum
788 1099 899 1158 ibidem
922 1100 1092 1160 auctoritate
1117 1101 1233 1160 concilii
1256 1102 1297 1160 sic
1317 1107 1361 1162 est

261 1181 401 1240 ordinata
443 1178 577 1239 Vicarius
602 1178 724 1239 babebit
739 1181 857 1240 nomine
880 1181 986 1241 vicarie
1009 1199 1060 1240 sue
1085 1199 1178 1240 unum
1200 1183 1360 1242 corredium

261 1262 393 1321 canonici
405 1259 444 1319 ad
457 1279 586 1320 mensam
599 1261 802 1320 canonicorum
815 1266 845 1320 et
859 1261 966 1338 viginti
978 1261 1086 1320 solidos
1099 1280 1211 1322 annuos
1224 1263 1361 1324 videlicet

263 1361 284 1401 x
297 1342 404 1402 solidos
418 1340 455 1400 ed
468 1340 576 1400 festum
590 1339 619 1400 S.
635 1340 788 1400 Michaelis
803 1346 832 1400 et
845 1361 866 1401 x
880 1342 988 1402 solidos
1000 1343 1040 1402 ad
1049 1342 1131 1402 Pasc'
1142 1361 1192 1420 pro
1207 1344 1361 1421 stipendiis

263 1423 300 1483 de
310 1423 499 1501 proventibus
513 1421 629 1481 ecclesie
642 1421 770 1499 predicte
782 1423 990 1500 percipiendos.
1033 1424 1074 1482 Et
1092 1424 1213 1484 habebit
1226 1425 1361 1486 clericum

264 1509 294 1564 et
306 1505 469 1582 garcionem
482 1520 568 1562 suum
581 1501 619 1562 ad
633 1519 763 1562 mensam
783 1503 888 1580 prioris
910 1523 976 1564 cum
1000 1504 1110 1566 clericis
1133 1512 1163 1564 et
1178 1505 1360 1584 garcionibus

264 1585 401 1664 ejusdem

322 1759 448 1814 ειΕΡΑ,
474 1745 592 1806 Vicaria
617 1745 648 1803 in
677 1745 795 1805 ecelesia
817 1745 854 1805 de
883 1725 970 1824 Slepa
996 1765 1053 1823 que
1083 1752 1128 1806 est
1153 1747 1360 1808 monaohornm

263 1827 375 1889 Rames'
400 1827 570 1887 auctoritate
595 1825 711 1885 concilii
735 1827 810 1886 mont
834 1831 878 1886 est
903 1827 1042 1888 ordinata
1085 1829 1219 1889 Vicarius
1240 1829 1361 1890 habebit

263 1909 382 1968 nomine
394 1909 500 1968 vicarie
514 1927 565 1966 sue
578 1927 678 1967 omnes
692 1907 820 1967 minutas
836 1907 962 1968 decimas
976 1914 1006 1968 et
1019 1908 1212 1970 obventiones
1227 1910 1362 1970 alterium

263 1994 325 2050 tam
351 1989 469 2049 ecclesie
496 1988 533 2048 de
568 1988 646 2068 Slap’
667 2007 756 2065 quam
775 1989 949 2066 capellarum
968 1989 1005 2048 de
1027 1989 1120 2050 Hurst
1140 1997 1170 2050 et
1192 1993 1362 2068 generaliter

256 2071 363 2130 omnia
389 2070 482 2130 dictas
508 2070 657 2130 ecclesiam
680 2074 711 2129 et
733 2069 857 2147 capellas
879 2071 946 2145 jure
972 2071 1130 2147 parochiali
1159 2072 1361 2148 contingenoia

265 2151 394 2229 exceptis
416 2155 492 2211 terre
515 2151 633 2210 ecclesie
658 2155 688 2210 st
713 2151 832 2210 decimis
855 2151 1007 2228 garbarum
1032 2155 1061 2210 et
1085 2151 1154 2212 feni
1198 2153 1363 2214 Sustinsbit

265 2238 363 2292 antem
383 2231 478 2292 dictus
497 2233 621 2292 vicarius
641 2232 739 2291 omnia
758 2250 845 2291 onera
870 2231 1014 2292 ordinaria
1033 2233 1176 2292 dictarum
1196 2234 1363 2294 ecclesiast

253 2315 438 2391 capellarum
452 2313 551 2373 debita
570 2316 599 2372 et
621 2316 757 2372 consueta
777 2318 872 2390 preter
891 2313 1054 2390 hospicium
1063 2313 1270 2374 Archidiaconi
1283 2314 1363 2392 quod

264 2396 323 2472 ipsi
349 2393 484 2455 monachi
516 2393 720 2472 procurabunt,
748 2398 778 2452 et
804 2393 841 2452 de
872 2395 1104 2454 extraordinariis
1136 2396 1361 2473 respondebunt.

266 2475 367 2536 Solvet
381 2475 471 2534 eciam
484 2475 609 2535 vicarius
621 2475 710 2552 priori
724 2474 760 2534 de
777 2474 884 2535 Sancto
899 2475 992 2534 Iuonc
1005 2476 1057 2550 qui
1069 2494 1122 2553 pro
1134 2481 1263 2554 tempore
1276 2478 1364 2537 fuerit

266 2561 382 2616 centnm
409 2555 516 2616 solidos
542 2557 575 2615 in
601 2562 725 2634 quatuor
752 2555 823 2614 anni
846 2556 977 2614 terminis
1003 2555 1112 2616 scilicet
1134 2557 1172 2616 ed
1195 2558 1303 2617 festum
1331 2557 1361 2620 S.

266 2636 419 2697 Michaelis
433 2656 495 2698 xxv
508 2637 615 2696 solidos
632 2636 669 2695 ad
683 2637 876 2697 Nativitatem
896 2636 1019 2696 Domini
1037 2657 1100 2698 xxv
1112 2639 1219 2698 solidos
1232 2639 1269 2698 ad
1282 2638 1363 2700 Paso'

266 2737 329 2780 xxv
342 2718 449 2778 solidos
463 2723 493 2778 et
506 2719 543 2778 ad
556 2717 752 2778 Nativitatem
766 2717 796 2778 θ’.
811 2716 834 2779 J
834 2719 957 2778 ohannis
971 2719 1104 2795 Baptiste
1116 2738 1178 2780 xxv
1191 2720 1307 2780 solidos

566 2821 641 2864 Intus
649 2821 925 2872 mellitissimum,
934 2823 946 2844 “
953 2823 973 2864 Β.
981 2821 1076 2864 mentm*

326 2938 500 2992 wmewm,
526 2924 643 2984 Vioaria
653 2924 685 2983 in
695 2924 813 2984 ecclesia
826 2924 862 2983 de
876 2923 1030 3002 Wynewio
1043 2943 1099 3002 que
1108 2929 1153 2984 est
1162 2925 1365 2986 canonicorum

203 3081 206 3090 Δ
268 3006 415 3067 Huntind'
436 3007 605 3066 auctoritate
633 3005 750 3067 concilii
769 3005 810 3065 sic
830 3010 875 3064 est
894 3005 1035 3066 ordinata
1087 3006 1229 3067 Consistit
1248 3007 1281 3067 in
1300 3011 1364 3068 tcto

267 3087 405 3164 altaragio
424 3091 454 3146 et
474 3087 618 3166 mesuagio
648 3086 824 3164 competenti
846 3087 934 3163 juxta
957 3086 1105 3147 ecclesiam
1127 3092 1157 3147 et
1176 3088 1210 3147 in
1228 3089 1364 3148 omuibus

267 3169 391 3228 minutis
410 3167 529 3228 decimis
549 3175 578 3229 et
597 3169 787 3246 proventibus
807 3168 932 3228 ecclesie.
975 3169 1072 3230 Salvis
1092 3168 1201 3228 eisdem
1226 3169 1315 3247 priori
1334 3173 1364 3228 et

268 3250 413 3310 canonicis
426 3249 547 3309 decimis
565 3250 717 3328 garbarum
736 3249 798 3308 feni
816 3249 1049 3310 molendinorum
1069 3254 1098 3308 et
1116 3254 1191 3309 terre
1203 3251 1320 3310 ecclesie
1333 3255 1363 3310 st

258 3330 403 3390 ¹omuibus
423 3329 542 3390 decimis
562 3331 599 3390 de
619 3331 764 3391 dominico
785 3349 884 3390 eorum
903 3331 1096 3408 undecunque
1115 3331 1361 3408 provenientibus

266 3411 400 3472 Vicarins
420 3413 576 3472 sustinebit
596 3431 682 3471 onera
704 3411 887 3490 parochialia.
930 3412 1071 3473 Canonici
1089 3412 1306 3506 respondebuut
1293 3412 1363 3472 tde

267 3493 447 3553 sinodalibus
461 3497 491 3552 et
510 3485 705 3570 procurabunt
718 3493 881 3570 hospicium
893 3492 1107 3554 Archidiaooni.
1153 3494 1242 3554 Valet
1258 3493 1364 3554 vicaria

330 3748 465 3804 MAGNA
489 3748 653 3804 eruntne.
679 3735 796 3796 Vioariu
807 3685 971 3810 inscelesia
984 3737 1021 3796 de
1034 3735 1143 3814 Magne
1161 3735 1297 3814 Gedding
1309 3755 1366 3814 que

268 3822 313 3878 est
326 3816 482 3878 eorundem
495 3816 666 3877 auctoritate
679 3816 795 3878 concilii
814 3817 947 3877 ordinata
960 3818 1093 3878 consistit
1106 3819 1138 3878 iu
1152 3822 1214 3878 tcto
1227 3819 1364 3895 altaragio

268 3903 298 3960 et
322 3898 467 3977 mesuagio
491 3900 667 3974 competenti
687 3901 775 3975 juxta
797 3897 946 3958 ecclesiam
970 3903 999 3958 et
1021 3900 1055 3959 in
1079 3899 1214 3959 omnibus
1242 3900 1365 3960 minutis
1422 3921 1428 3936 ·

268 3981 388 4042 decimis
401 3987 432 4040 et
444 3979 634 4057 proventibus
647 3981 772 4040 ecclesie.
815 3979 911 4040 Salvis
931 3979 1040 4040 eisdem
1060 3980 1216 4041 Canonicis
1229 3986 1263 4041 nt
1277 4001 1364 4058 supra

266 4063 301 4122 iu
313 4063 420 4123 vicaria
435 4059 524 4140 prox'.
567 4060 701 4122 Vicarius
721 4059 908 4138 respondebit
920 4060 957 4120 de
970 4060 1150 4122 sinodalibus
1163 4067 1194 4122 et
1207 4062 1386 4146 sustinebit

268 4163 354 4204 onera
380 4141 555 4221 parochialia
583 4147 612 4201 et
640 4143 732 4203 solvet
756 4142 907 4201 amuatim
931 4142 1048 4202 sacriste
1075 4143 1170 4224 Huut'
1197 4163 1218 4204 v
1244 4143 1360 4204 solidos.

268 4225 409 4287 Cauonioi
435 4221 682 4284 Archidieconum
708 4223 902 4300 procurabunt
930 4228 960 4282 et
986 4224 1043 4283 alia
1068 4242 1155 4284 onera
1182 4243 1199 4284 a
1224 4224 1363 4302 predictis

267 4306 412 4366 ordinaria
437 4304 671 4366 sustinebantur.¹
714 4303 803 4364 Valet
829 4303 935 4364 doario
962 4305 1091 4383 quinque
1118 4306 1213 4366 mara’
1254 4306 1363 4367 Totslis

268 4386 507 4450 ecclesiadeoem.
