3258 5096
297 489 339 552 84
695 502 801 558 naeu
822 503 1001 568 eundum

295 655 328 716 in
340 651 471 732 proprios
493 669 564 714 usuc
588 649 753 714 babendum
772 655 803 712 et
821 651 1036 731 imperpetuum
1052 651 1265 732 possidendam
1310 653 1400 716 Salve

295 735 403 798 vicaria
414 734 448 794 in
461 733 562 794 eedem
586 732 742 794 medietate
764 751 817 812 per
839 753 893 794 nos
912 735 1057 813 assignma
1070 754 1128 814 que
1141 734 1274 796 consistit
1285 739 1351 796 tum
1364 735 1399 796 in

296 821 359 878 toto
385 819 468 894 prato
494 820 559 874 tum
585 814 620 874 in
642 819 719 874 terre
741 819 807 876 tum
829 814 862 874 in
885 815 1031 892 mesuagio
1053 821 1083 876 et
1106 815 1243 894 altaragio
1268 815 1398 894 ejusdem

295 897 467 958 medietatis
492 895 531 956 ad
564 913 653 972 quam
686 896 725 955 ad
757 915 856 956 esrum
889 897 1135 975 presentecionem
1161 896 1329 957 iohannem
1362 898 1399 959 de

295 977 495 1040 Mildccumbe
505 977 687 1055 capellanum
697 980 871 1056 perpetuum
880 977 1022 1038 vicarium
1031 978 1210 1038 admisimus
1239 977 1399 1038 Debebunt

294 1066 391 1120 autem
405 1059 535 1136 predicte
547 1057 744 1118 Abbetieeeet
753 1063 915 1119 conventus
929 1059 1015 1119 nobie
1028 1064 1059 1119 et
1068 1059 1279 1120 successoribus
1292 1059 1399 1120 nostris

293 1141 332 1201 ad
345 1141 468 1200 eandem
481 1138 619 1200 vicariam
632 1157 699 1198 cum
712 1140 858 1200 vacaverit
871 1139 1052 1218 capellanum
1071 1139 1211 1200 idoneum
1224 1146 1396 1220 presentare.

296 1221 392 1284 Salvis
414 1222 447 1281 in
471 1219 608 1281 omnibns
623 1219 670 1281 dc.
713 1221 755 1281 Et
773 1225 808 1280 ut
827 1221 882 1282 hec
900 1225 1000 1282 nostre
1013 1221 1158 1282 concessio
1173 1221 1220 1282 dc
1262 1221 1398 1282 Testibus

295 1303 365 1364 Dat’
379 1303 426 1364 de
442 1307 579 1380 utsupra
591 1305 670 1362 carta
682 1305 792 1380 quarta

234 1433 237 1440 ’
345 1461 424 1515 χιιι.
440 1459 681 1517 Νοιιτιιευκιι.
853 1491 855 1496 -

355 1524 510 1585 Univereie
524 1521 575 1584 &a
611 1521 736 1583 Noverit
749 1521 925 1583 universitas
934 1527 1030 1583 vestra
1042 1541 1096 1582 noe
1110 1522 1147 1582 de
1161 1541 1280 1582 assensu
1294 1522 1400 1600 Rogeri

294 1605 407 1664 Deoani
430 1609 461 1663 et
481 1603 614 1682 Capituli
636 1603 729 1663 nostri
753 1603 835 1664 Linc'
849 1603 949 1664 divine
973 1603 1091 1681 pietatis
1110 1604 1223 1664 intuitu
1243 1603 1356 1680 dedisse
1369 1609 1399 1665 et

293 1685 466 1746 concessisse
480 1682 594 1745 dilectis
606 1684 640 1744 in
653 1684 772 1747 Christo
784 1685 855 1744 filiis
864 1684 976 1746 Abbati
990 1691 1020 1744 et
1029 1684 1198 1745 conventui
1212 1685 1242 1747 S.
1255 1685 1348 1744 Merie
1362 1685 1398 1746 de

294 1771 377 1844 preto
400 1766 492 1826 Ieirc'
505 1785 548 1826 xx
571 1765 680 1825 solidos
704 1766 741 1825 de
765 1765 885 1826 ecclesia
908 1765 945 1826 de
965 1765 1145 1843 Northburg'
1158 1772 1226 1844 poet
1249 1764 1399 1826 decessum

294 1847 317 1907 J
317 1848 441 1908 ohannis
454 1866 576 1926 pareone
589 1846 670 1907 illiue
684 1846 801 1908 ecclesie
814 1846 968 1907 annuatim
979 1848 1098 1907 nomine
1118 1848 1252 1925 perpetui
1265 1846 1399 1908 beneficii

294 1929 494 2008 percipiendos
514 1947 566 2006 per
585 1947 689 1988 manue
709 1928 789 1988 itlius
809 1929 862 2006 qui
875 1947 929 2006 pro
948 1934 1078 2006 tempore
1096 1929 1251 1990 inetitutue
1264 1928 1354 1988 fuerit
1367 1929 1400 1988 in

294 2010 395 2070 eedem
403 2031 414 2086 3
433 2010 497 2087 ipso
518 2009 655 2071 Johenne
674 2009 806 2070 solvente
826 2010 868 2070 eis
887 2013 1005 2070 tantum
1024 2008 1178 2070 duodecim
1194 2010 1328 2069 denarios
1348 2029 1400 2088 per

294 2110 405 2151 annum
418 2090 514 2167 quoad
528 2091 647 2151 vixerit.
687 2089 832 2150 Dedimus
845 2091 936 2150 eciam
949 2095 979 2150 et
992 2091 1184 2164 concessimus
1203 2090 1241 2151 de
1257 2109 1399 2151 consensu

294 2172 418 2248 predicti
432 2172 544 2232 Decani
556 2176 587 2231 et
599 2170 731 2248 Capituli
743 2172 836 2232 nostri
848 2171 930 2232 Lino'
944 2171 1053 2232 eisdem
1065 2171 1177 2232 Abbati
1191 2175 1221 2232 et
1241 2173 1399 2232 conventui

294 2253 332 2312 de
355 2252 476 2312 ecclesia
499 2252 536 2312 de
561 2251 649 2313 Oetes
662 2271 705 2312 xx
718 2253 827 2313 solidos
846 2257 913 2330 post
933 2252 1082 2314 deoeeeum
1101 2253 1237 2331 Magistri
1255 2252 1399 2330 Stephani

294 2334 332 2392 de
351 2333 523 2394 Manecestr'
545 2351 666 2410 persone
692 2333 773 2394 illiue
800 2333 918 2394 ecclesie
944 2334 1096 2394 annuatim
1122 2334 1241 2394 nomine
1265 2335 1399 2412 perpetui

294 2414 428 2474 beneficii
441 2413 641 2492 percipiendos
656 2432 708 2491 per
720 2433 825 2474 manus
844 2415 937 2493 ipsine
952 2416 1004 2492 qui
1023 2434 1076 2494 pro
1095 2419 1225 2491 tempore
1243 2415 1398 2475 institutus

295 2495 385 2555 inerit
410 2496 451 2554 in-
471 2493 590 2570 cedem3
616 2495 680 2573 ipso
707 2494 849 2574 Magistro
877 2495 1026 2573 Stephano
1053 2496 1095 2556 eie
1121 2496 1254 2557 solvente
1281 2499 1398 2556 tantum

295 2575 448 2636 dimidium
461 2593 586 2636 mercam
598 2594 650 2653 per
664 2595 775 2636 annum
784 2577 881 2655 quoad
890 2577 1006 2638 vixerit
1049 2577 1146 2638 Salvis
1155 2578 1188 2637 in
1198 2577 1334 2636 omnibus
1344 2575 1397 2638 duc.

294 2657 335 2717 Et
348 2658 449 2797 utdhec
462 2661 561 2718 nostre
574 2657 721 2718 concessio
734 2655 786 2720 &c
828 2657 965 2718 Teetibue
985 2663 1015 2720 et
1028 2657 1098 2720 Dat'
1110 2664 1146 2719 ut
1158 2659 1191 2718 in
1204 2662 1282 2720 carta
1294 2658 1399 2736 quinte

297 2757 381 2816 prece
403 2738 474 2800 enti.

352 2896 511 3020 bfflbs
536 2957 588 3021 dec.
630 2957 756 3020 Noverit
781 2957 956 3021 universitas
982 2962 1079 3020 vestre
1105 2977 1160 3019 noe
1186 2959 1224 3020 dc
1256 2979 1399 3020 consensu

296 3039 403 3118 Rogati
416 3040 519 3102 decani
532 3045 561 3100 et
575 3039 707 3119 Capituli
719 3040 812 3100 nostri
821 3039 903 3101 Linc’
914 3039 1014 3102 divine
1027 3041 1145 3118 pietatis
1159 3040 1272 3100 intuitu
1285 3041 1398 3101 dedisse

296 3127 326 3181 et
339 3123 467 3198 presenti
481 3126 559 3182 carta
572 3121 754 3182 confirmasse
768 3121 882 3182 dilectis
896 3121 929 3181 in
943 3121 1061 3183 Christo
1079 3122 1196 3182 filiebus
1210 3121 1349 3183 Prioriaee
1369 3127 1399 3182 et

297 3201 466 3264 Conventui
493 3202 530 3264 de
556 3203 652 3264 Parva
677 3201 820 3264 Merlauic
845 3202 884 3264 ed
910 3203 1122 3264 concessionem
1149 3203 1335 3264 dominorum
1361 3203 1398 3262 de

297 3283 410 3344 Ynebir
422 3285 548 3345 decimes
560 3284 598 3345 de
611 3283 756 3346 dominico
769 3284 806 3344 de
825 3283 939 3344 Ynebir
957 3284 990 3344 in
1010 3285 1141 3363 proprios
1160 3303 1230 3344 usus
1250 3283 1399 3345 habendae

296 3369 327 3424 et
346 3365 561 3443 imperpetuum
580 3365 776 3444 possidendae,
797 3383 870 3442 ques
888 3365 979 3426 iidem
992 3365 1105 3426 domini
1118 3363 1260 3424 dederunt
1280 3370 1310 3424 et
1329 3365 1398 3426 dare

296 3451 509 3507 consueverunt
530 3447 692 3523 cuicunque
712 3445 823 3507 vellent
850 3446 913 3506 eine
941 3446 1101 3524 prejudicio
1128 3445 1252 3524 alicujus
1280 3446 1398 3506 ecclesie

295 3527 372 3587 deut
382 3545 434 3604 per
443 3523 840 3606 ibquisicioncmincapitulo
847 3527 905 3588 loci
913 3527 1067 3604 diligenter
1075 3527 1183 3588 factem
1192 3527 1398 3604 perpendimus

297 3607 454 3670 evidenter.
497 3607 592 3670 belvis
611 3610 644 3668 in
664 3609 800 3669 omnibus
819 3607 871 3669 dec.
912 3607 953 3668 Et
972 3613 1007 3668 ut
1025 3609 1080 3669 bec
1093 3613 1191 3668 nostra
1206 3609 1395 3669 confirmacio.

297 3683 361 3768 [Bb.
377 3687 444 3766 26¹³]
459 3689 603 3766 Testibue,
617 3694 647 3750 et
660 3687 738 3765 Det’,
752 3695 887 3768 utsupra
898 3689 931 3749 in
943 3695 1022 3750 carta
1041 3689 1172 3767 septima

358 3864 631 3920 ΑΡΡΒΟΡΒΙΑΟΙΟ
650 3850 813 3912 medietatis
839 3851 949 3912 ceeleeic
975 3852 1010 3912 de
1039 3851 1172 3928 recepe
1197 3851 1397 3916 accedisset>

181 3954 191 3974 ⁰
299 3931 433 4008 ejusdem.

359 4011 514 4074 Univereis
527 4010 578 4072 dec.
614 4011 739 4074 Noverit
748 4011 924 4074 universitas
933 4017 1029 4076 vestra
1043 4030 1106 4088 noe,
1118 4013 1155 4074 de
1165 4031 1284 4074 musa
1292 4013 1398 4091 Rogeri

298 4094 412 4155 Deceni
434 4099 463 4154 et
485 4093 616 4172 Capituli
636 4094 728 4169 Line,
751 4094 851 4155 divine
872 4094 989 4171 pietetie
1009 4095 1131 4170 intuitu,
1145 4093 1259 4155 dedisse
1281 4099 1311 4153 et
1332 4113 1398 4154 ocn-

299 4177 416 4236 ceeeieee
427 4175 522 4236 Priori
532 4179 561 4236 et
572 4175 741 4238 Conventui
750 4175 850 4237 Sancti
863 4174 894 4234 N
895 4175 963 4251 eoti,
978 4177 1097 4236 nomine
1109 4175 1242 4254 perpetui
1255 4175 1395 4249 beneficii,

299 4257 485 4318 medietatem
498 4255 616 4317 caelone
635 4257 672 4316 de
691 4257 822 4332 Temen,
837 4275 893 4335 que
913 4257 950 4316 de
971 4276 1070 4317 eorum
1088 4263 1132 4317 eet
1145 4256 1344 4330 advooccione,
1364 4256 1398 4315 in

300 4337 394 4399 forma
407 4337 585 4422 subscripta;
605 4337 742 4400 videlicet
763 4338 844 4421 quod
865 4337 994 4400 habeant
1019 4343 1049 4400 et
1071 4343 1191 4399 teneant
1211 4338 1244 4397 in
1266 4337 1398 4420 proprios
