3258 5096
668 454 824 525 sueonie
847 453 974 510 unire.
1332 439 1373 504 55

337 617 616 676 Btlttuofissune.
656 602 774 663 Vinaria
799 603 832 662 in
852 602 970 663 mdeste
992 602 1029 664 de
1047 603 1249 682 Billingaburg
1267 604 1310 664 sic
1329 609 1374 664 est

276 687 415 747 ordinata
464 685 598 745 Vicarius
625 683 746 744 habebit
773 689 869 744 totum
897 684 1068 760 eltaragium
1096 689 1125 745 ει
1148 689 1241 744 totam
1267 690 1373 746 terram

272 768 309 828 ad
324 767 444 847 eandem
458 766 606 826 ecelesiam
625 766 819 843 pertinentem
834 783 900 824 cum
915 765 1049 826 domibus
1063 770 1093 825 ει
1107 765 1172 825 eliis
1184 767 1372 844 pertinenciis

271 849 407 910 omnibns
431 846 462 907 et
485 847 669 907 libertatibus
692 847 753 906 anis
776 847 810 905 in
832 846 924 921 pratis
947 847 1061 924 pascuis
1085 848 1170 906 etin
1192 848 1319 924 pasturis
1342 853 1371 918 et

272 929 426 990 turbariis:
449 935 478 989 et
491 929 577 988 faciet
589 927 778 988 residenciam
787 927 820 987 in
833 927 933 986 eadem
944 928 1062 988 ecelesia
1074 928 1107 986 in
1121 929 1237 1005 proprie
1249 947 1372 1004 persona

274 1017 303 1071 et
316 1010 452 1071 inofficio
462 1009 631 1070 sacerdotali
640 1008 824 1068 ministrabit.
867 1007 1371 1087 Mortales'rerodeSempingeham

272 1091 433 1170 percipient
440 1090 682 1169 integradeeimee
689 1089 970 1168 garbarum‚eolvent
978 1089 1168 1166 synodalia‚et
1175 1091 1372 1165 procurabunt

272 1174 436 1251 hospicium
456 1172 670 1244 Archidiaconi,
692 1176 721 1230 ει
742 1171 839 1230 omnia
855 1171 912 1230 elie
932 1189 1019 1231 onere
1039 1170 1155 1231 ecclesie
1175 1171 1370 1232 sustinebunt

272 1255 360 1315 Valet
379 1259 478 1314 autem
497 1259 559 1313 tota
579 1253 698 1312 ecclesie
717 1253 782 1328 xiiij
804 1252 900 1312 marc!
940 1253 1058 1312 Vicetia
1070 1271 1091 1312 v
1104 1251 1189 1311 marc’
1210 1257 1240 1311 et
1260 1253 1373 1314 dimid!

272 1335 312 1396 Et
326 1341 370 1396 est
386 1337 517 1396 ordinata
527 1353 580 1412 per
592 1334 765 1412 Magistrum
775 1333 970 1411 Reginaldum
982 1334 1019 1393 de
1030 1333 1121 1396 Cestr’
1130 1338 1202 1392 tunc
1212 1333 1374 1397 officialem.

335 1490 503 1545 κιηκεΒΥ,
542 1477 659 1536 Viceria
685 1477 717 1536 in
745 1477 865 1536 ecclesie
884 1476 921 1536 da
941 1475 1078 1554 Kirkeby
1098 1475 1128 1538 S,
1151 1476 1308 1554 Patrique
1331 1484 1376 1538 est

272 1559 429 1619 eorundem
443 1555 583 1619 'consistit
602 1558 635 1617 in
655 1563 717 1617 toto
738 1558 874 1634 eltaragio
895 1562 990 1635 preter
1009 1557 1113 1630 linum,
1144 1557 1284 1618 solvendo
1304 1560 1375 1620 inde

273 1641 425 1700 annuatim
438 1639 539 1700 domni
559 1639 596 1699 de
617 1639 857 1717 Sempringeham
873 1638 973 1698 decem
986 1638 1112 1699 solidos:
1132 1643 1162 1698 at
1174 1639 1237 1717 ipse
1250 1641 1328 1717 prior
1346 1647 1376 1700 et

274 1726 435 1782 conventus
448 1720 643 1798 procurebrmt
662 1719 825 1796 hospicium
845 1719 1053 1780 Archidiaooni
1067 1724 1097 1779 et
1110 1725 1203 1780 cetera
1216 1739 1302 1781 onera
1314 1728 1377 1782 tarn

274 1803 419 1862 ordinaria
432 1821 520 1880 quam
533 1801 759 1862 extraordinaria
769 1801 983 1878 inperpetuum
995 1801 1189 1876 sustinebunt,
1202 1807 1232 1862 et
1245 1804 1377 1880 provide

273 1883 349 1944 bunt
362 1885 470 1944 vicario
483 1883 520 1942 de
533 1884 617 1942 tofto.
659 1881 699 1941 Et
713 1887 757 1942 est
770 1883 877 1943 vicaria
889 1883 934 1960 iiij
949 1902 1117 1943 marcarum.

333 2027 550 2082 Autome!
575 2012 692 2072 Vinaria
704 2013 737 2072 in
750 2012 869 2073 εεειεεὶε
882 2013 919 2074 da
932 2014 1082 2074 Αεεεεειι*
1097 2032 1154 2092 que
1168 2017 1214 2073 est
1228 2013 1332 2092 prioris
1348 2019 1378 2074 ει

274 2100 435 2155 conventus
455 2096 492 2154 de
512 2094 645 2155 Meelton
665 2095 798 2155 consistit
817 2096 851 2154 in
870 2099 934 2155 toto
948 2096 1086 2173 altaragio
1100 2113 1166 2154 oum
1180 2095 1256 2155 tulto
1270 2095 1377 2172 essign-

274 2177 360 2251 ando‚
375 2176 514 2237 solvendo
528 2175 681 2236 annuatim
695 2176 795 2236 domui
805 2175 982 2236 deMealton
995 2197 1037 2236 xx
1048 2176 1175 2236 solidos:
1195 2181 1225 2236 et
1234 2177 1291 2254 ipsi
1301 2179 1380 2255 prior

275 2263 306 2318 et
318 2262 479 2318 conventus
497 2258 694 2336 procurabunt
713 2257 878 2333 hospicium
897 2257 1106 2318 Arehidieconi
1126 2263 1156 2316 et
1177 2263 1271 2317 cetere
1291 2277 1378 2318 onere

274 2343 335 2398 tem
354 2339 499 2399 ordinaria
512 2359 600 2417 quam
613 2339 840 2400 extraordinaria
857 2339 1045 2399 sustinebunt
1065 2339 1098 2398 in
1116 2342 1297 2418 perpetuum.
1340 2338 1380 2399 Et

274 2421 438 2481 estvicaria
451 2440 471 2481 v
484 2439 652 2481 marcarum.

337 2565 563 2619 BttthGEttE.
610 2552 726 2612 Viceria
738 2552 772 2611 in
784 2551 903 2612 ecclesia
917 2551 954 2611 de
969 2550 1133 2629 Billingehe
1147 2569 1204 2628 que
1218 2555 1262 2610 est
1275 2552 1380 2630 priona

275 2637 305 2694 et
318 2638 480 2694 conventus
493 2633 529 2694 de
545 2632 658 2695 Cettele
672 2634 805 2694 consistit
822 2635 855 2692 in
873 2637 936 2693 toto
955 2633 1091 2709 altaregio
1106 2651 1172 2692 oum
1185 2632 1261 2692 tulto
1271 2633 1379 2712 assign-

274 2715 351 2774 ando
369 2720 465 2793 preter
482 2715 577 2774 linum
596 2720 625 2774 et
644 2716 773 2791 primum
790 2715 937 2792 legatum:
958 2720 988 2774 at
1002 2715 1061 2792 ipsi
1078 2714 1156 2792 prior
1170 2717 1199 2772 et
1215 2721 1377 2774 conventus

274 2797 469 2874 procurabunt
490 2796 653 2873 hospicium
673 2795 880 2856 Archidieconi
901 2801 930 2855 et
946 2801 1040 2856 cetera
1060 2813 1147 2855 onere
1159 2799 1219 2854 tam
1234 2795 1378 2855 ordinarie

274 2894 362 2954 quam
375 2877 602 2937 extraordinarie
614 2877 647 2936 in
661 2882 833 2955 perpetuum
851 2876 1047 2937 emtinebunt.
1089 2875 1130 2934 Et
1143 2880 1187 2936 est
1200 2876 1307 2938 vicena
1321 2877 1379 2936 lere

274 2959 404 3036 quinque
417 2977 585 3019 marcarum.

337 3102 506 3157 οιοοεβγ,
547 3087 664 3148 Vicetia
683 3089 717 3147 in
737 3089 855 3149 ecclesie
875 3089 912 3149 de
931 3087 1068 3166 Diggeby
1088 3105 1146 3165 que
1162 3090 1207 3147 est
1220 3087 1378 3148 eorundem

275 3171 409 3232 consistit
422 3171 454 3228 in
466 3174 530 3230 toto
544 3169 682 3252 almragip
700 3174 796 3246 preter
812 3170 907 3229 linum
921 3174 952 3229 et
963 3171 1092 3246 primum
1111 3169 1256 3246 legatum:
1277 3174 1308 3229 et
1319 3170 1378 3247 ipsi
1424 3181 1427 3188 ’

274 3253 353 3331 prior
372 3256 402 3310 et
421 3255 582 3311 conventus
601 3251 797 3328 procurabunt
817 3250 981 3328 hospicium
1004 3249 1212 3309 Archidiaconi
1231 3256 1261 3308 et
1281 3255 1376 3310 cetere

275 3353 362 3394 onera
374 3333 406 3393 in
419 3336 592 3411 perpetuum
605 3331 800 3392 sustinebunt.
843 3330 884 3391 Et
897 3336 942 3391 est
955 3331 1061 3392 vicaria
1074 3331 1118 3407 iiij
1133 3349 1300 3392 marearum
1328 3387 1331 3394 .

774 3465 824 3524 t'o.
843 3460 917 3522 16¹³.

334 3584 486 3638 ΑΜΕΜο
525 3567 655 3652 [neena
675 3463 826 3630 ordiehcio
845 3465 937 3629 eet]e'n
958 3574 1117 3646 quaterno.
1140 3613 1147 3629 .
1170 3559 1178 3629 ζ
1200 3569 1236 3628 de
1249 3573 1374 3645 tenpore

274 3647 597 3732 fflptscopiliuqooia*].
619 3649 1374 3729 Vicarieinquinquepartibuseacleeiedehmewic

275 3754 332 3812 qne
346 3740 390 3794 est
402 3733 559 3802 eorundem
572 3752 624 3812 per
636 3731 812 3809 Magistrum
831 3732 902 3811 Rag.
918 3732 954 3791 de
975 3730 1066 3792 Oestr'
1080 3736 1151 3792 tuno
1168 3731 1319 3792 officialem
1332 3733 1374 3793 sic

178 3822 181 3826 ’
274 3815 472 3877 estordinata
514 3813 648 3874 Vicerius
661 3813 782 3873 habebit
794 3814 924 3890 quinque
936 3817 1032 3891 partes
1045 3812 1175 3890 elteragii
1188 3818 1218 3873 et
1230 3812 1373 3873 decimam

274 3897 427 3976 garbarum
446 3895 537 3956 totius
556 3895 697 3954 dominici
716 3895 847 3971 ejusdem
866 3894 936 3955 ville
956 3898 985 3954 et
1005 3893 1146 3953 decimam
1166 3895 1254 3953 unius
1268 3895 1374 3955 berete

273 3984 349 4038 terre
375 3996 464 4055 quam
490 3977 581 4036 Fuloo
607 3978 704 4036 tenuit
733 3982 763 4036 et
789 3980 881 4036 totam
907 3981 1013 4036 terram
1035 3979 1215 4051 spectantem
1241 3975 1279 4034 ad
1306 3977 1372 4036 illes

273 4061 405 4137 quinque
431 4063 527 4136 partes
552 4077 619 4117 cnm
645 4058 781 4117 turbariis
808 4063 837 4116 et
863 4056 1000 4116 omnibus
1025 4057 1091 4118 eh'is
1121 4056 1308 4135 pertinenciis
1341 4063 1372 4117 et

273 4140 457 4200 libertatibus
483 4140 551 4199 suis.
593 4139 677 4198 Prior
703 4145 801 4198 autem
827 4143 857 4198 et
883 4142 1045 4198 conventus
1077 4156 1151 4198 onus
1180 4139 1372 4216 reparationis

272 4222 414 4282 librorum
427 4221 667 4281 vestimentorum
679 4224 709 4279 et
723 4219 842 4280 cancelli
855 4219 955 4280 atalia
973 4237 1061 4279 onera
1073 4218 1171 4280 omnia
1183 4219 1371 4280 sustinebunt

274 4309 369 4383 preter
382 4302 533 4382 synodalia
546 4319 603 4378 que
616 4306 732 4361 tentum
745 4300 869 4362 vicarius
882 4300 983 4360 solvet.

581 4429 1065 4482 *htbemuslnlnaoontemsorrrytana
