3258 5096
648 549 804 606 uucorus
830 549 956 607 warns.
1319 537 1360 604 te

261 719 299 762 ex
319 705 400 779 parte
420 701 493 760 dicti
513 699 647 779 Magistri
661 701 709 762 W.
726 701 762 762 de
776 699 960 760 Brancewell
1002 700 1138 762 Vicarius
1153 705 1251 762 autem
1267 703 1361 767 solvet

262 783 414 842 annuatim
427 782 629 842 tantummodo
643 782 795 860 synodalia
814 785 844 841 et
863 781 986 858 predicti
998 781 1100 842 fratres
1113 788 1143 842 et
1156 783 1296 862 Magister
1309 786 1357 847 W.

263 864 299 924 de
313 863 491 924 Breneewell
503 863 758 942 proposcionaliter
771 863 968 942 procurabunt
985 861 1149 941 hospicium
1167 865 1362 928 archidiaconi

262 950 292 1004 et
315 949 408 1005 cetera
432 964 518 1005 onera
543 949 604 1005 tam
628 945 772 1004 ordinarie
791 963 879 1022 quam
899 945 1126 1005 extraordinaria
1140 946 1362 1026 inperpetuum

262 1026 458 1102 sustinebunt
500 1027 541 1086 Et
555 1031 598 1087 est
611 1026 719 1087 vicaria
731 1025 764 1086 lx
777 1025 943 1086 solidorum.

323 1198 524 1253 colasson
537 1185 726 1330 pearata}
763 1187 884 1249 uiam
915 1187 949 1247 sn
983 1186 1101 1249 aalma
1140 1188 1177 1249 aa
1210 1190 1361 1272 aonam

263 1271 395 1331 consistit
408 1270 517 1338 intoto

262 1356 337 1410 terre
357 1351 395 1410 de
413 1351 499 1412 feodo
518 1351 656 1411 Nicholai
676 1351 713 1412 de
733 1349 862 1412 Oetedal’
881 1350 914 1411 in
934 1350 1034 1410 eedem
1054 1351 1144 1413 villa:
1163 1357 1193 1412 et
1205 1353 1362 1432 Templarii

263 1431 458 1509 procurabunt
470 1432 634 1510 hospicium
649 1432 856 1492 Archidiaconi
874 1436 905 1492 et
925 1437 1018 1492 cetera
1037 1451 1124 1493 onera
1143 1437 1205 1494 tem
1218 1435 1362 1496 ordinaria

262 1531 351 1590 qnam
384 1513 609 1574 extraordinarie
633 1513 821 1574 sustinebunt
846 1517 950 1591 preter·
974 1513 1125 1590 synodalia
1138 1533 1209 1592 oque
1236 1517 1361 1578 vicarius

262 1595 466 1654 tantummodo
489 1595 583 1655 solvet
609 1595 768 1668 annuatim,
798 1599 828 1654 et
854 1593 1051 1673 providebunt
1076 1596 1184 1656 vicario
1211 1597 1247 1658 de
1275 1599 1359 1660 tofto.

263 1675 304 1734 Et
323 1682 367 1735 est
387 1681 458 1736 tunc
471 1676 577 1736 vicaria
590 1675 621 1736 lx
635 1675 801 1737 solidorum.

323 1847 549 1904 wlLEGETON.
575 1837 692 1897 Viearia
710 1837 743 1895 in
759 1837 877 1897 ecclesia
896 1837 934 1897 de
946 1836 1113 1915 Wilegeton
1127 1840 1210 1917 cujus
1222 1841 1362 1902 medietas

264 1925 308 1981 est
321 1920 478 1979 eorundem
493 1921 544 1980 &a
587 1919 632 1980 Ut
644 1917 814 1979 irrotulatur
827 1920 859 1979 in
872 1917 1119 1980 Archidiaconatu
1132 1917 1230 1982 Stow’.

326 2095 495 2150 xlnxfiev.
530 2081 647 2141 Vioaria
665 2081 699 2140 in
718 2079 837 2140 ecclesie
856 2079 893 2140 de
913 2079 1049 2158 Kirkeby
1068 2100 1126 2159 que
1145 2087 1189 2143 est
1208 2083 1312 2161 prioris
1332 2089 1362 2144 et

262 2163 366 2241 prioris
380 2167 410 2222 et
423 2167 583 2223 conventus
606 2162 644 2222 de
663 2161 825 2240 Turgerton
845 2163 978 2222 consistit
997 2163 1030 2220 in
1049 2167 1112 2224 toto
1139 2163 1275 2242 altaragio
1295 2184 1362 2226 cum

263 2245 338 2304 tofto
352 2245 524 2320 assignando
537 2248 568 2303 et
580 2244 612 2303 in
627 2243 747 2303 decimis
755 2243 907 2321 garbarum
914 2244 1036 2319 triginta
1049 2249 1079 2304 et
1092 2245 1180 2304 unius
1193 2245 1363 2306 hovaterum

263 2330 337 2386 terre
360 2325 462 2385 eodem
484 2325 572 2385 modo
595 2344 654 2403 quo
679 2325 862 2402 Augustinus
885 2326 981 2385 tenuit
1000 2325 1034 2387 in
1046 2326 1175 2386 vitasue
1190 2331 1221 2386 et
1239 2325 1363 2404 predicti

191 2453 193 2458 2
263 2408 342 2484 prior
365 2411 395 2466 et
418 2410 580 2467 conventus
599 2406 799 2484 procurabunt
822 2405 986 2483 hospicium
1009 2407 1205 2468 archidianoni
1227 2414 1257 2468 et
1271 2413 1364 2468 cetera

265 2506 352 2548 onera
365 2487 552 2548 sustinebunt
565 2493 660 2567 preter
672 2487 824 2564 synodalia
837 2506 893 2565 que
906 2487 1031 2548 vicarius
1051 2489 1146 2550 solvet
1161 2490 1363 2550 tantummodo

264 2570 423 2630 annuatim.

566 1271 673 1347 tarugio
694 1275 724 1330 at
743 1270 776 1330 in
789 1269 909 1330 decimis
921 1269 1074 1348 garbarum
1087 1270 1177 1330 trium
1190 1271 1361 1334 bovaterum
1449 1265 1453 1273 ⁸

324 2744 527 2800 εοΑΡΕνΙΙκ
567 2729 684 2791 Vicetia
696 2731 729 2790 in
742 2730 861 2791 ecclesia
874 2730 911 2790 de
925 2731 1055 2810 Soapwic
1071 2752 1128 2810 que
1146 2737 1190 2793 est
1206 2733 1364 2794 eorundem
1453 2723 1457 2738 '

264 2814 399 2874 consistit
421 2813 453 2872 in
476 2817 539 2872 toto
562 2813 698 2890 eltaragio
722 2832 790 2872 eum
803 2813 879 2872 tofto
892 2814 1025 2890 proximo
1038 2814 1114 2874 tosto
1138 2814 1253 2874 Mathai
1267 2815 1364 2874 clerici
1399 2859 1404 2868 .

264 2913 365 2958 versus
378 2899 509 2953 austrum
522 2899 552 2953 et
564 2895 598 2953 in
607 2913 667 2953 una
677 2913 772 2953 marca
780 2894 813 2952 in
823 2897 901 2952 certa
909 2895 1046 2973 porcione
1055 2895 1245 2972 assignanda:
1266 2901 1296 2956 et
1306 2897 1363 2972 ipsi

264 2976 344 3052 prior
364 2979 394 3034 et
418 2980 579 3034 convontus
602 2975 799 3052 procurabunt
824 2973 987 3052 hospicium
1010 2975 1205 3037 archidiaconi
1228 2981 1258 3036 et
1271 2982 1364 3037 cetera

265 3073 352 3115 onera
365 3056 552 3115 sustinebunt
565 3060 660 3132 preter
673 3055 825 3132 synodalia
838 3074 895 3132 que
908 3056 1033 3116 meamus
1047 3057 1141 3118 solvet
1160 3057 1363 3121 tantummodo

265 3136 425 3196 annuatim.
467 3137 508 3196 Et
520 3140 566 3196 est
578 3135 900 3197 vicariwmarcerum.

325 3311 578 3365 τιΜΒΕηιυΝο,
618 3296 735 3357 Vicaria
756 3297 790 3356 in
816 3296 934 3357 ecclesia
958 3297 995 3358 de
1018 3298 1209 3360 Timberlund
1236 3320 1293 3378 qus
1320 3308 1364 3362 est

265 3378 421 3439 eorundem
436 3379 569 3438 consistit
581 3378 614 3436 in
625 3379 714 3438 tercia
726 3382 808 3456 perte
821 3379 913 3438 totius
924 3379 1042 3440 ecclesie
1056 3386 1085 3440 et
1095 3382 1253 3444 sustinebit
1267 3384 1364 3444 omnia

266 3479 361 3521 onera
402 3460 443 3520 Et
455 3464 499 3520 est
512 3461 619 3520 vicaria
632 3478 683 3519 sax
696 3453 857 3520 marcatum
870 3465 899 3521 et
913 3479 946 3520 eo
960 3459 1093 3539 emplius

951 3592 952 3596 ,
1441 3565 1451 3596 h

327 3635 539 3691 ΒΑΒτΗοΝΑ,
579 3623 696 3696 Vicaria
708 3624 741 3682 in
754 3623 873 3684 ecclesia
885 3623 922 3684 de
933 3623 1071 3689 Barthon’
1082 3643 1139 3702 que
1153 3629 1196 3685 est
1209 3625 1324 3686 abbatis
1333 3630 1363 3686 et
1429 3635 1431 3642 ‘

266 3709 427 3765 conventus
447 3704 484 3764 de
503 3703 656 3781 Berdenay
675 3705 809 3764 consistit
827 3707 860 3765 in
880 3710 942 3765 toto
962 3705 1100 3783 altaragio
1124 3705 1272 3766 reddendo
1292 3706 1362 3766 inde

266 3785 418 3846 annuatim
438 3790 561 3862 quatuor
580 3804 689 3845 marcas
709 3786 821 3862 argenti
841 3786 927 3846 dictis
946 3787 1046 3847 abbati
1065 3791 1095 3847 et
1115 3789 1280 3848 conventui.
1323 3789 1363 3848 Et
1456 3841 1459 3850 Δ

266 3867 392 3927 vicerim
411 3865 532 3927 habebit
552 3867 732 3944 capellanum
751 3863 805 3949 [so.
830 3865 893 3951 16⁸]
915 3869 1025 3928 socium
1046 3873 1075 3927 et
1095 3869 1188 3928 solvet
1211 3869 1364 3928 annuatim

265 3947 468 4008 tantummodo
492 3947 651 4024 synodalia,
675 3952 705 4009 'et
733 3949 791 4027 ipsi
819 3949 908 4009 abbas
930 3953 960 4008 et
979 3954 1140 4009 conventus
1167 3950 1365 4025 procurabunt

265 4029 429 4106 hospicium
442 4027 636 4088 archidiaconi
649 4034 679 4088 et
692 4033 786 4090 cetera
799 4049 886 4091 onera
899 4030 1093 4091 sustinebunt.
1145 4029 1186 4089 Et
1200 4037 1244 4090 est
1257 4031 1365 4092 vicaria

265 4111 297 4186 vj
311 4129 471 4170 mmcerum
485 4115 514 4171 et
527 4128 561 4170 eo
574 4111 707 4189 emplius.

325 4285 557 4342 exanhelat.
603 4271 721 4332 Vicaria
747 4273 781 4332 in
806 4273 925 4334 ecclesie
957 4272 995 4333 de
1028 4272 1200 4352 Skandelby
1229 4292 1286 4352 que
1319 4279 1365 4336 est

266 4355 424 4415 eorundem
437 4354 570 4413 consistit
592 4353 625 4414 in
638 4353 774 4414 omnibus
788 4353 987 4415 oblacionibus
1007 4354 1105 4414 altaris
1123 4360 1153 4414 et
1166 4356 1199 4414 in
1213 4359 1276 4416 tota
1288 4360 1364 4416 terra

266 4435 412 4497 dominica
424 4434 516 4514 ipsius
530 4434 647 4495 ecclesie
660 4436 731 4496 etin
740 4435 852 4496 decima
861 4437 952 4496 totius
962 4436 1028 4496 lene
1041 4441 1071 4496 et
1084 4437 1215 4497 omnium
1224 4456 1363 4516 agnorum
1384 4453 1386 4457 ’
