3246 5096
631 453 787 508 sunonis
809 453 934 507 wenis.

592 797 984 942 ffloettsmptoo’.

712 987 776 1072 [ro.
794 987 866 1071 ro]

304 1133 409 1187 ΒΕΑΤΙ
422 1133 612 1188 ύΟΗΑΝΝΙδ
627 1131 730 1185 ΒΑΡΤ.
744 1130 847 1184 APUD
865 1129 1025 1184 BURGUM
1043 1130 1073 1183 S.
1090 1129 1201 1186 PE‘l'lll.
1228 1120 1344 1182 Vicetia

243 1204 276 1263 in
284 1204 401 1264 ecclesia
414 1205 499 1264 Beati
512 1203 534 1264 J
535 1204 658 1263 ohannis
671 1202 803 1278 Baptista
812 1201 890 1278 apud
901 1201 1031 1278 Burgum
1046 1201 1130 1260 Beati
1140 1201 1289 1280 Patrique
1299 1208 1344 1263 est

244 1284 450 1345 monachorum
469 1285 579 1345 ibidem
595 1285 765 1343 auctoritate
785 1282 900 1342 concilii
913 1282 1046 1342 ordinata
1058 1283 1190 1342 consistit
1203 1284 1235 1342 in
1255 1286 1344 1345 tercia

244 1371 325 1444 parte
338 1366 514 1426 decimarum
525 1366 591 1425 lane
600 1365 656 1424 lini
669 1383 808 1442 agnorum
821 1363 1011 1440 porcellomm
1024 1363 1170 1440 pullorum
1183 1365 1344 1426 vitulorum

245 1466 381 1508 aucarum
388 1452 418 1507 et
425 1448 514 1507 tercia
523 1451 604 1524 parte
612 1446 743 1505 omnium
751 1443 935 1503 candelarum
943 1444 1104 1504 oblatarum
1113 1445 1345 1507 etinmsdietate

246 1529 376 1588 omnium
387 1529 569 1588 denariorum
578 1527 739 1587 missalium
749 1530 844 1602 preter
857 1544 944 1602 quam
954 1525 1034 1602 apud
1047 1525 1145 1603 Thorp
1158 1527 1210 1586 ubi
1220 1528 1345 1589 vicarius

247 1609 370 1687 percipit
382 1628 482 1668 ornnes
495 1608 627 1668 denarios
646 1608 776 1667 missales
789 1611 819 1666 et
831 1607 865 1665 in
884 1606 973 1665 tercia
984 1609 1066 1684 parte
1079 1607 1210 1667 onmium
1223 1608 1346 1670 aliarum

248 1690 561 1766 oblacionumexcepto
572 1707 647 1767 pane
657 1707 723 1749 cum
732 1688 917 1765 campanagio
927 1692 956 1746 et
967 1687 1078 1770 decima
1084 1687 1169 1748 lactis
1178 1693 1208 1748 et
1218 1694 1346 1750 ortorum

248 1789 305 1849 que
317 1771 441 1831 vicarius
454 1771 583 1830 totaliter
592 1771 731 1849 percipiet
739 1769 868 1846 exceptis
878 1768 968 1828 eciam
977 1773 1040 1828 toto
1051 1770 1164 1848 cyragio
1173 1774 1203 1829 et
1211 1771 1347 1832 omnibns

248 1853 447 1912 oblacionibus
454 1871 521 1912 curn
529 1870 644 1930 corpore
651 1851 778 1928 presenti
785 1850 1024 1928 provenientibus
1032 1855 1061 1910 et
1069 1851 1163 1928 primo
1172 1855 1347 1913 testamento

249 1952 305 2010 que
315 1935 433 1993 sacrista
441 1933 573 2011 percipit.
603 1931 701 1992 Habet
715 1931 805 1991 eciam
815 1931 940 1991 vicarius
949 1949 1084 1991 mansum
1093 1937 1304 2010 competentem
1318 1937 1348 1994 et

249 2015 323 2092 xxiij
335 2033 413 2075 acras
422 2019 497 2074 terre
506 2013 622 2073 arabilis
632 2018 662 2073 et
673 2013 831 2072 eumedium
843 2011 979 2072 monachi
989 2013 1027 2072 sd
1036 2031 1166 2073 mensam
1176 2015 1290 2074 abbatis
1299 2015 1348 2076 vel

250 2095 289 2155 ad
298 2096 417 2155 domurn
430 2114 512 2156 suam
522 2094 708 2154 deferendum
720 2112 786 2153 cum
798 2093 931 2154 voluerit
973 2091 1062 2153 Valet
1074 2100 1172 2155 autem
1184 2095 1272 2155 tercie
1282 2115 1349 2173 pars

250 2176 360 2236 decime
379 2177 446 2235 lane
465 2177 542 2253 viijs
564 2175 620 2235 lini
632 2175 736 2252 xviijd
752 2183 892 2252 agnorum
909 2181 955 2235 vs'
967 2173 1158 2250 porcellorum
1171 2180 1201 2236 et
1213 2195 1349 2238 aucarum

250 2258 306 2334 iijs
318 2257 477 2318 vitulorum
490 2263 521 2318 et
533 2257 680 2334 pullorum
692 2273 735 2316 vs.
747 2261 777 2316 et
786 2255 878 2323 ,tercia
890 2274 957 2331 pers
970 2254 1146 2316 decimarum
1159 2262 1349 2319 mercatorum

250 2344 280 2398 et
290 2338 474 2398 oblacionum
486 2339 639 2415 inquibus
653 2337 770 2396 sacriste
789 2354 851 2396 non
870 2337 1025 2414 participat
1037 2356 1089 2414 per
1102 2357 1212 2398 annum
1225 2345 1350 2416 quatuor

251 2421 344 2479 marc’.
388 2418 465 2479 Sunt
484 2423 612 2495 preterea
634 2417 759 2496 quedam
782 2418 816 2477 in
839 2417 946 2494 quibus
969 2418 1086 2478 sacriste
1112 2437 1174 2479 non
1195 2422 1351 2498 participat

253 2499 389 2560 videlicet
402 2499 565 2560 oblaciones
579 2519 678 2560 omnes
691 2499 728 2559 de
743 2499 773 2560 S.
789 2498 909 2560 Botulfo
923 2517 981 2576 que
993 2498 1094 2560 velent
1106 2500 1118 2558 i
1131 2501 1226 2575 marc',
1239 2501 1351 2562 denarii

252 2581 465 2641 confessionum
484 2581 638 2658 utrobique
657 2600 781 2658 quorum
808 2599 921 2640 summa
940 2584 985 2640 est
1004 2582 1100 2658 xxijs‚
1129 2582 1241 2662 decima
1267 2584 1352 2644 lactis

251 2682 347 2737 ms,
370 2662 481 2722 denarii
505 2662 659 2722 dominicis
678 2662 781 2722 diebus
802 2667 832 2722 et
852 2661 970 2721 candele
989 2661 1116 2723 infesto
1139 2665 1352 2741 purificscionis

252 2749 282 2803 et
295 2745 328 2803 in
341 2743 406 2804 aliis
419 2743 562 2822 purificac’
576 2763 628 2821 per
641 2762 752 2803 annum
769 2762 813 2803 xa.
856 2742 1027 2804 Corredium
1047 2743 1084 2803 ad
1096 2763 1226 2805 mensam
1239 2746 1352 2807 abbatis

252 2825 332 2885 valet
341 2826 430 2903 xiiijs.
471 2825 513 2884 Et
521 2825 601 2885 valet
610 2825 717 2884 vicaria
730 2823 890 2884 secundum
904 2824 1119 2886 estimscionem
1128 2828 1353 2906 suprascriptum

254 2907 382 2984 exceptis
395 2903 520 2967 denariis
533 2905 698 2967 missalibus
711 2903 771 2984 xj11.
787 2909 817 2966 et
830 2904 934 2982 xviijd

314 3102 516 3157 wem-tons.
543 3090 660 3152 Vicaria
671 3092 705 3151 in
718 3091 837 3152 ecclesia
846 3091 883 3151 de
892 3091 1046 3171 Writhorp
1060 3099 1175 3172 quaest
1183 3095 1354 3157 monialium

254 3171 365 3234 ibidem
377 3173 547 3234 auctoritate
560 3172 676 3234 concilii
689 3172 822 3233 ordinata
835 3169 957 3255 [blachi

315 3367 523 3424 ΜΑΚΕΒΕΥΕ
550 3358 1355 3438 VicariainecclesiadeMakessyequaestmonschorum

257 3439 293 3499 de
315 3440 411 3517 Burgo
433 3440 583 3501 exdudum
606 3441 739 3501 ordinata
762 3442 895 3501 consistit
917 3442 951 3501 in
971 3443 1107 3504 omnibus
1128 3445 1356 3508 obvencionibus

256 3521 354 3580 altaris
364 3525 394 3580 et
404 3521 526 3581 minutis
536 3522 655 3582 decimis
664 3522 817 3601 garbarum
830 3521 867 3581 ds
876 3523 906 3583 la
917 3522 1018 3584 Hsum
1027 3529 1058 3585 et
1066 3525 1223 3587 sustinebit
1231 3529 1356 3591 vicarius

257 3602 354 3662 omnia
367 3621 453 3663 onera
464 3603 545 3663 illius
558 3603 676 3665 ecclesie
689 3604 788 3664 debita
801 3609 831 3664 et
843 3610 987 3666 consueta

318 3797 582 3855 ΠΟΒΒΙΝΟΕΥΕ
609 3790 726 3851 Vicaria
757 3793 790 3852 in
824 3791 943 3853 ecclesia
969 3792 1006 3852 de
1032 3793 1204 3873 Fodringeis
1230 3815 1287 3875 que
1313 3804 1357 3859 est

257 3869 463 3930 monachorum
490 3871 527 3930 de
560 3877 644 3949 prato
674 3877 756 3933 extra
785 3873 1012 3951 Nortbampton'
1039 3878 1209 3937 auctoritate
1242 3879 1358 3940 concilii
1417 3947 1421 3960 ¹

257 3951 389 4011 ordinata
422 3956 467 4011 est
499 3953 549 4012 sic.
591 3952 725 4014 Vicariua
752 3953 873 4014 habebit
906 3956 1025 4016 nomine
1051 3958 1157 4018 vicarie
1184 3978 1236 4019 sne
1262 3965 1358 4021 totum

257 4031 428 4110 altsregium
448 4052 514 4092 curn
527 4053 627 4094 menso
641 4039 822 4112 competente
834 4035 982 4096 reddendo
995 4037 1065 4097 inde
1078 4041 1230 4100 annuatim
1247 4041 1259 4099 i
1272 4044 1357 4102 maro'

258 4113 370 4190 argenti
389 4113 566 4174 monialibus
585 4117 758 4193 supradictis
778 4135 835 4195 que
857 4117 1055 4195 procurabunt
1073 4118 1236 4198 hospicium
1256 4121 1359 4183 Archi·

259 4191 374 4254 diaconi
387 4199 417 4254 ot
431 4195 556 4256 ficarios
568 4195 606 4256 de
619 4197 800 4258 sinodalibus
812 4198 1006 4276 respondebit
