3258 5096
633 477 791 534 nuoours
813 475 940 534 vnnrs.
1274 461 1337 528 105

240 627 770 788 titutiittltttt
778 626 1339 771 lttffitttltttti

239 793 338 869 heys:
366 792 476 852 scilicet
499 791 565 850 illas
588 809 645 868 que
668 794 737 851 sunt
764 791 984 869 propinquiores
1008 788 1094 849 Curia
1118 790 1240 850 Roberti
1261 792 1339 870 Paga

240 873 390 933 Heremite
417 878 447 933 et
479 877 576 932 totum
602 871 820 932 heremitorium
853 890 919 930 cum
951 871 1139 948 pertinenciis
1165 873 1245 949 quod
1277 873 1340 951 ipse

240 952 384 1014 Robertus
395 954 534 1013 heremita
546 954 642 1014 tenuit
657 973 723 1012 cum
736 958 799 1014 tota
811 953 904 1031 placia
913 957 981 1012 ante
990 955 1103 1029 portam
1111 953 1204 1029 ipsius
1218 953 1340 1014 Roberti

240 1033 294 1094 ubi
307 1034 434 1111 Grangia
456 1035 578 1094 Henrici
600 1033 640 1094 fil'
654 1033 735 1094 Petri
758 1035 814 1093 sita
837 1034 896 1093 fuit
920 1037 950 1093 et
970 1051 1069 1093 omnes
1082 1033 1153 1094 alias
1166 1037 1255 1094 terras
1268 1054 1340 1112 quas

240 1115 330 1174 iidem
340 1116 480 1193 Magister
491 1116 629 1176 etfratres
637 1112 991 1176 habentinelemosiuain
1001 1114 1109 1191 campis
1117 1115 1154 1174 de
1164 1115 1340 1186 Bleccheshc

241 1196 278 1255 de
293 1197 370 1257 donc
382 1196 538 1258 liberorum
550 1195 703 1256 hominum
715 1196 808 1274 ipsius
818 1195 896 1257 villa
933 1195 1050 1257 Scilicet
1062 1196 1099 1255 de
1113 1195 1190 1256 dono
1204 1197 1340 1275 Hugcnis

240 1277 351 1355 Pipard
365 1278 437 1338 duas
450 1297 537 1351 acras,
552 1278 589 1338 de
603 1278 680 1337 dono
700 1277 843 1355 Stephani
855 1275 896 1336 fil'
910 1276 1032 1336 Roberti
1051 1277 1181 1354 quinque
1194 1297 1281 1354 acras,
1303 1279 1340 1340 de

240 1359 318 1418 dono
342 1358 498 1418 Willielmi
512 1357 685 1439 Sly(l)octo
705 1377 791 1432 acras,
814 1359 851 1418 de
871 1356 948 1417 dono
969 1357 1101 1418 Gervasii
1114 1358 1151 1418 de
1164 1359 1340 1420 Bleochesho

240 1459 330 1498 unam
343 1459 446 1514 aorem,
461 1440 498 1500 de
511 1439 589 1500 dono
604 1439 758 1500 Willielmi
772 1440 867 1518 Pepin
879 1443 938 1498 tres
951 1457 1038 1514 acras,
1053 1439 1090 1498 de
1110 1439 1187 1500 dono
1205 1441 1341 1518 Hugouis

241 1521 373 1580 Trunket
396 1521 549 1582 tresdecim
572 1541 650 1580 acras
672 1526 702 1580 et
726 1539 815 1581 unam
839 1521 947 1595 rodam,
962 1524 992 1580 et
1012 1520 1048 1579 de
1069 1520 1146 1580 dono
1160 1521 1281 1581 Roberti
1300 1523 1341 1582 lil'

241 1601 377 1678 Hugonis
400 1621 489 1662 unam
512 1622 614 1675 acram,
629 1602 715 1662 dictis
738 1601 887 1679 Magistris
907 1606 937 1661 et
956 1601 1094 1661 fratribus
1108 1602 1184 1662 sicut
1197 1622 1230 1662 ea
1244 1604 1342 1664 omnia

241 1682 1012 1842 {tp{titillettellitltiltlfflttt
1031 1683 1342 1825 {cedidit

242 1845 451 1922 episcopalibus
478 1846 739 1906 consuetudinibus
763 1844 814 1905 dre.
857 1844 944 1921 Quod
967 1849 1002 1904 ut
1021 1850 1191 1922 perpetuam
1211 1847 1342 1924 optineat

241 1925 408 1985 firmitatem
421 1928 549 2004 presenti
561 1927 668 2004 scripto
681 1926 809 2002 sigillum
824 1931 956 1998 nostrum
975 1926 1114 1986 duximus
1127 1928 1340 2004 apponendum.

242 2006 310 2065 Hiis
336 2008 472 2067 Testibus
505 2007 554 2067 W.
583 2007 784 2068 archidiacono
818 2007 909 2081 Linc',
937 2007 972 2067 R.
997 2006 1209 2067 Archidiacono
1237 2009 1340 2083 Eunt,

242 2086 391 2166 Magistris
415 2089 563 2168 Stephano
587 2089 624 2150 de
649 2089 718 2164 Gic',
732 2081 782 2149 W.
802 2087 839 2148 de
862 2087 954 2164 Linc',
968 2092 998 2149 et
1018 2089 1067 2150 W.
1082 2089 1120 2150 de
1139 2089 1227 2150 Well'
1241 2089 1342 2150 canon'

242 2167 333 2229 Linc'.

713 2247 777 2332 [Fo.
794 2247 871 2332 321³}

567 2355 1024 2398 memaanemaornaurananu

305 2444 578 2501 appaoparacro
597 2433 705 2493 Veteris
718 2433 840 2507 Lafford
853 2437 880 2492 el
893 2430 1073 2508 Rpsloeotoo’.

305 2511 459 2571 Universis
479 2516 577 2571 sancte
594 2514 695 2572 matris
715 2514 834 2574 ecclesie
852 2513 921 2574 filiis
941 2514 979 2574 ed
999 2533 1072 2592 quos
1090 2518 1238 2593 presentes
1260 2513 1343 2575 litere

246 2593 439 2671 pervenerint,
454 2593 595 2654 Ricardus
611 2595 796 2654 miseracione
818 2593 919 2656 divina
939 2593 1021 2655 Linc'
1041 2596 1201 2674 Episcopus
1221 2596 1344 2656 saluum

246 2675 279 2734 in
292 2674 394 2734 salutis
407 2679 529 2734 auctore.
572 2675 654 2735 Licet
668 2695 705 2735 ex
718 2677 851 2752 injuncto
864 2677 949 2737 nobie
963 2677 1057 2736 officio
1070 2678 1250 2755 singulorum
1260 2677 1344 2738 nobis

246 2755 429 2816 subditorum
449 2774 546 2816 curam
567 2760 596 2815 et
615 2757 840 2817 sollicitudinem
861 2777 957 2836 gerere
976 2758 1132 2819 debeamus
1152 2764 1182 2819 et
1202 2764 1344 2836 quantum

246 2855 400 2914 possumus
412 2838 523 2914 operari
535 2837 647 2897 bonum
665 2839 703 2898 ad
722 2858 822 2898 omnes
835 2839 871 2898 de
884 2839 1001 2899 illorum
1014 2845 1079 2900 tum
1091 2840 1255 2919 provisione
1268 2839 1345 2899 solli·

248 2919 340 2977 cionis
361 2915 426 2998 (sie)
448 2919 571 2996 cogitare
591 2923 723 2979 tenemur
743 2939 835 2996 quum
853 2920 890 2979 de
905 2925 1003 2980 nostro
1016 2925 1172 2999 patronatu
1188 2922 1345 2981 existentes

248 2999 406 3058 domestica
425 2999 604 3076 subjectione
631 3020 684 3060 nos
708 3002 883 3078 contingrmt
905 3005 935 3060 et
958 3020 1030 3078 quos
1051 3002 1264 3062 excellencioris
1284 3003 1345 3062 vite

247 3079 350 3138 merita
374 3083 404 3138 et
426 3081 544 3156 pietatis
566 3099 653 3157 opera
675 3081 708 3140 in
731 3082 838 3158 quibus
864 3082 992 3141 studiose
1019 3101 1049 3142 se
1073 3087 1223 3143 excercent
1243 3083 1346 3160 dignos

249 3159 376 3219 reddunt
389 3161 483 3236 gracia
496 3161 637 3238 ampliori.
678 3162 754 3223 Cum
766 3163 857 3239 igitur
869 3164 907 3222 ad
920 3163 1162 3224 sustentaoionem
1174 3164 1346 3224 dilectorum

248 3241 281 3299 in
295 3241 412 3301 Christo
425 3241 551 3300 filiorum
564 3241 673 3302 Peioris
688 3247 717 3302 et
730 3245 882 3320 utriusque
901 3263 988 3304 sexus
1001 3249 1162 3304 conventus
1175 3245 1347 3304 Monasterii

249 3322 286 3381 de
301 3321 496 3381 Haverholme
509 3341 624 3383 necnon
633 3324 782 3401 hospitum
792 3329 821 3384 et
830 3343 990 3403 pauperum
1000 3326 1038 3385 ad
1047 3325 1125 3402 ipsos
1135 3326 1346 3387 declinancium

249 3398 402 3482 facultates
412 3421 473 3462 non
483 3403 627 3464 sufficiant
638 3405 794 3480 eorundem
805 3426 812 3466 ε
825 3425 879 3466 nos
887 3407 1016 3484 ipsorum
1024 3408 1201 3484 paupertatis
1211 3407 1346 3484 etinopie

249 3483 299 3561 pio
319 3485 528 3562 comperientes
547 3485 652 3548 affectu
673 3490 703 3546 et
725 3487 849 3564 graciam
871 3506 905 3547 eo
928 3487 1071 3548 libencius
1093 3488 1173 3564 quod
1192 3489 1229 3548 de
1248 3493 1346 3549 nostro

248 3569 404 3643 patronatu
430 3566 560 3626 existunt
593 3567 702 3627 eisdem
734 3568 865 3628 volentes
891 3568 983 3629 lacere
1009 3569 1171 3648 specialem,
1198 3569 1347 3630 ecclesiam

249 3646 364 3707 Veteris
377 3647 495 3710 Lailcrd
508 3652 538 3707 et
550 3648 735 3708 medietatem
755 3649 872 3710 ecclesie
891 3650 928 3710 de
941 3649 1113 3711 Riskenton’
1127 3650 1160 3710 in
1179 3651 1286 3729 quibus
1296 3651 1347 3728 jus

249 3729 363 3805 optinet
388 3733 557 3807 patronatus
589 3729 629 3789 sd
659 3731 788 3808 ipsorum
821 3731 984 3808 indigencie
1015 3732 1224 3806 relevationem
1255 3737 1286 3792 et
1312 3737 1347 3792 ut

249 3807 399 3886 hospitum
412 3809 573 3888 reeepcioni
585 3811 689 3872 melius
709 3811 837 3873 sufficere
849 3813 965 3873 valeant
978 3833 1011 3874 ac
1023 3832 1184 3892 pauperum
1196 3813 1348 3873 necessita

249 3890 330 3950 tibus
350 3891 504 3952 subvenire
517 3893 589 3969 ipsis
608 3893 769 3970 pontificali
789 3895 958 3954 auctoritate
978 3895 1161 3954 concedimus
1179 3895 1303 3972 propriis
1316 3899 1347 3954 et

250 3971 309 4048 piis
329 3991 428 4032 eorum
447 3972 548 4034 usibus
568 3975 715 4051 perpetuis
727 3975 906 4052 temporibus
919 3976 1091 4052 profuturas.
1128 3974 1347 4053 Itatuncquod

250 4053 410 4113 animarum
424 4073 491 4114 cura
504 4055 536 4113 in
556 4055 643 4114 dictis
662 4055 787 4115 eeclesiis
807 4055 969 4116 nullatinus
989 4057 1168 4136 necgligatur
1187 4062 1217 4117 et
1230 4057 1347 4117 ecclesie

251 4133 350 4192 eedem
364 4134 471 4194 debitis
491 4154 551 4195 non
570 4135 741 4196 fraudentur
761 4137 906 4214 obsequiis
926 4137 978 4198 sed
997 4157 1048 4216 per
1066 4139 1215 4198 ministros
1228 4139 1347 4198 idoneos

251 4314 267 4355 e
420 4317 455 4358 ¹co
536 4316 695 4360 usconsus
814 4319 885 4360 use
970 4319 1003 4362 co
1117 4320 1174 4362 esre
