3258 5096
269 477 332 542 100
654 493 758 548 treme
778 493 956 558 Arulenus

267 639 536 706 Gorcbcrdcherche
555 641 746 720 quadraginta
764 661 880 717 marcas,
902 642 940 703 de
959 641 1077 704 ecclesia
1097 643 1134 704 de
1148 641 1363 720 Grebingebam

268 730 385 786 centurn
398 723 513 797 solidos,
528 723 565 783 de
578 723 696 784 ecclesia
709 724 745 784 de
758 723 877 785 Stilton'
891 729 1009 784 centurn
1021 723 1138 798 solidos,
1149 725 1189 783 de
1199 725 1317 784 ecclesis
1326 723 1363 784 de

268 803 414 868 Wuburn'
440 803 608 882 quindecim
633 823 749 880 marcas
778 805 926 866 habendas
955 810 987 865 et
1014 805 1194 884 recipiendas
1228 806 1265 865 de
1291 805 1364 882 ipsis

268 887 396 948 ecclesiis
408 905 474 946 cum
487 886 619 963 proximo
632 885 798 947 vacaverint
812 887 964 946 annuatim
973 887 1006 946 in
1015 893 1140 964 quatuor
1149 887 1221 947 anni
1233 887 1365 947 terminis

268 988 320 1048 per
332 986 437 1028 manus
449 985 547 1027 eorum
560 967 612 1046 qui
632 986 684 1046 pro
703 972 832 1046 tempore
845 969 922 1046 ipses
942 969 1073 1028 ecelesias
1087 970 1235 1029 tenuerint
1248 985 1365 1046 pernes

269 1055 299 1110 et
319 1067 492 1110 successores
512 1053 624 1108 nostros
644 1049 696 1127 qni
715 1049 835 1126 deipsis
848 1049 975 1110 ecclesiis
988 1053 1017 1109 et
1031 1050 1166 1110 omnibus
1180 1049 1366 1126 pertinenciis

269 1151 368 1192 earum
380 1131 566 1208 disponemus
576 1134 606 1189 et
616 1129 813 1190 ordinabimus
823 1148 875 1207 pro
884 1131 1037 1190 voluntate
1046 1135 1145 1190 nostra
1152 1131 1366 1208 imperpetuum

268 1213 359 1273 libere
368 1216 398 1271 et
408 1212 505 1289 quiete
515 1214 545 1270 et
554 1211 663 1288 absque
673 1212 753 1270 omni
763 1212 938 1272 condicione.
977 1211 1066 1273 salvo
1076 1213 1204 1288 predicte
1214 1229 1366 1272 commune

269 1293 386 1354 ecclesie
405 1292 486 1352 Linc'
505 1291 623 1352 redditu
641 1297 798 1352 memorato
817 1293 969 1352 annuatim
989 1293 1026 1353 de
1044 1293 1161 1353 eisdem.
1204 1292 1367 1352 statuimus

268 1380 367 1434 autem
392 1374 472 1451 qnod
498 1373 696 1450 unusquisque
723 1393 821 1434 eorum
853 1375 906 1452 qui
938 1392 1140 1452 quemcunque
1172 1374 1367 1451 predictarum

269 1455 452 1516 ecclesiarum
472 1455 599 1514 tenuerit
619 1459 653 1513 ut
674 1454 785 1515 dictum
807 1459 852 1514 est
872 1459 1084 1515 sacramentum
1106 1455 1193 1515 faciat
1216 1453 1367 1514 fidelitatis

269 1537 388 1596 Decanc
414 1539 445 1595 et
472 1534 608 1612 Capitulo
635 1533 718 1596 Linc'
745 1535 781 1595 de
808 1535 925 1596 redditu
952 1537 1082 1614 predicto
1109 1536 1220 1614 integre
1247 1541 1277 1595 et
1304 1535 1366 1594 sine

269 1617 465 1678 diminucione
478 1616 575 1712 eliqua
594 1617 726 1676 terminis
746 1617 806 1676 suis
826 1617 1025 1694 persolvendo,
1046 1618 1201 1678 decernent
1188 1622 1232 1677 tes
1248 1617 1367 1694 insuper

269 1699 349 1778 qnod
371 1699 398 1758 εί
420 1697 558 1776 aliquis
548 1715 677 1775 ipsorum
700 1698 846 1758 maliciose
866 1703 933 1758 cont
934 1717 965 1758 ra
920 1699 1039 1758 thoc
1052 1717 1181 1776 unquam
1194 1699 1292 1758 venire
1306 1717 1367 1775 pre·

269 1779 426 1858 sumpserit
449 1785 479 1840 et
502 1779 645 1855 legittime
667 1781 825 1840 commonit
825 1797 860 1838 ue
812 1779 915 1839 tid
937 1779 1088 1840 emendare
1111 1779 1279 1854 noluerit,
1269 1798 1367 1857 rpsum
1440 1813 1452 1843 e

269 1861 383 1921 tamdiu
409 1859 447 1920 ab
473 1859 567 1921 officio
591 1863 621 1920 et
644 1859 783 1920 beneficio
807 1861 869 1920 iore
892 1879 1064 1938 suspensum
1087 1860 1179 1921 donec
1199 1879 1286 1938 super
1308 1859 1367 1918 hiis

270 1941 653 2018 satisfeceritoompetenter3
661 1942 763 2002 msiori
773 1941 1206 2082 eciampenaieciendnmjuxta
1216 1941 1367 2002 arbitrium

270 2028 435 2084 nostrorum
451 2019 517 2118 [εἰσ]
542 2027 572 2082 et
598 2023 792 2084 successorum
817 2028 884 2082 nost
884 2041 988 2083 rorum.
1031 2023 1065 2084 Bi
1090 2043 1152 2083 non
1178 2023 1219 2083 sic
1245 2040 1368 2082 errorem

270 2123 356 2164 suum
379 2104 516 2164 duxerint
529 2104 736 2180 corrigendum.
779 2103 866 2180 Quod
879 2109 913 2163 ut
926 2109 1021 2164 ratum
1035 2109 1065 2164 et
1077 2104 1193 2164 firmum
1203 2107 1368 2182 permsnect

269 2185 1368 2346 summulis?iitrtffltltmstttetttttffl

269 2348 319 2409 W.
349 2346 562 2407 Archidiacono
588 2345 679 2420 Linc'‚
708 2346 744 2407 G.
773 2347 952 2421 Precentore,
980 2348 1092 2424 Rogero
1121 2347 1307 2421 cancellario,
1337 2347 1366 2406 J.

271 2429 464 2502 Bubdemn03
483 2427 519 2487 R.
537 2426 759 2506 Norbampton',
773 2427 808 2488 R
831 2428 935 2502 Hnnt'‚
960 2429 989 2489 J.
1010 2428 1171 2503 Bedeicrd'‚
1193 2433 1228 2487 et
1243 2429 1369 2506 Hugone

273 2509 379 2583 Stowe,
388 2473 610 2569 archidiaconis·
601 2507 830 2586 ,MegistrisW
840 2508 879 2568 fil’
888 2508 1026 2570 Fulconis
1039 2513 1070 2569 et
1083 2509 1144 2570 Ric’
1154 2473 1190 2569 de
1203 2507 1367 2584 Lindwud',

134 2597 143 2622 ⁴
272 2589 323 2650 W.
336 2555 450 2663 Biu’do,
471 2589 511 2650 Η.
526 2587 684 2665 Burgund',
699 2589 735 2650 R.
758 2589 795 2648 de
814 2589 952 2665 Bristoll’,
972 2589 1085 2650 Thema
1104 2591 1140 2650 de
1154 2588 1325 2664 Fislrcrton’‚
1340 2594 1369 2650 et

275 2671 304 2734 S.
321 2671 358 2730 de
372 2670 489 2732 Giceetr‘
502 2669 667 2747 capellanis,
677 2669 727 2730 W.
743 2670 779 2730 de
792 2668 887 2745 Auel',
901 2670 934 2730 P.
947 2671 983 2730 de
997 2671 1105 2748 Hung',
1120 2671 1268 2750 Megistris
1281 2671 1317 2730 R.
1332 2671 1369 2730 de

274 2752 399 2827 Grsuel',
410 2756 441 2812 et
450 2751 499 2812 W.
512 2749 548 2810 de
558 2750 650 2825 Linc',
661 2751 694 2810 P.
705 2751 742 2810 de
755 2751 849 2826 Beth',
865 2755 894 2811 et
907 2751 941 2811 P.
951 2751 988 2811 de
1002 2752 1215 2825 chevremonc’,
1224 2752 1370 2812 canonicis

274 2833 375 2909 Linc’;
394 2833 430 2894 R.
452 2831 489 2892 de
507 2831 601 2892 Warr’
621 2833 758 2891 canonico
779 2832 885 2908 Well'3
905 2832 1053 2910 Magistris
1073 2832 1122 2894 W.
1138 2831 1273 2894 chant'
1287 2837 1317 2893 et
1330 2832 1368 2893 A.

274 2915 390 2992 deBug
391 2915 444 2990 ed’,
454 2914 504 2974 W.
516 2913 553 2974 de
566 2911 694 2987 Winch',
708 2914 743 2973 R.
760 2912 796 2973 de
809 2913 874 2989 Ox',
889 2918 919 2975 ot
933 2914 1050 2974 Olivero
1064 2912 1100 2974 de
1114 2913 1234 2987 Ohedn,
1250 2914 1369 2974 clericis

274 2994 343 3057 Dat’
366 3014 418 3074 per
439 3013 559 3056 menum
581 2995 742 3054 nostrum
732 3014 765 3055 rn
786 2995 874 3075 pleno
898 2995 1026 3074 capitulo
1049 2995 1180 3056 Lincoln'
1194 2995 1243 3056 die
1265 2994 1382 3084 pasche

272 3077 354 3155 pont’
367 3077 460 3138 nostri
472 3095 550 3138 anno
565 3075 727 3137 undecimo.
1613 3093 1615 3152 r

334 3237 652 3308 ΑΡΡῃορῃιΑοιοιίε
667 3237 910 3300 Weetrcccndclc.
955 3239 1113 3301 ordinacio
1123 3237 1371 3316 tricaricejcadcm.

336 3321 481 3382 Omnibus
495 3322 542 3382 be.
583 3319 708 3380 Noverit
727 3321 899 3382 universitas
911 3325 1007 3382 vostre
1020 3339 1074 3382 nos
1086 3320 1124 3380 de
1136 3340 1255 3382 assensu
1267 3318 1374 3398 Rogeri
1473 3317 1479 3327 '

276 3403 389 3462 Decani
408 3407 438 3464 et
458 3401 589 3479 Capituli
607 3403 700 3461 nostri
716 3401 797 3462 Iinc'
811 3403 911 3462 divine
934 3402 1052 3480 pietatis
1074 3403 1187 3462 intuitu
1210 3401 1323 3461 dedisse
1343 3404 1373 3462 et

277 3485 449 3544 concessisse
462 3483 604 3543 dilectis
595 3501 628 3542 rn
642 3481 760 3543 Christo
773 3483 885 3545 Abbati
903 3487 933 3542 et
946 3481 1112 3544 Convent
1069 3487 1115 3543 tm
1134 3483 1172 3542 de
1184 3483 1267 3542 Bello
1280 3483 1374 3542 Portu
1481 3495 1483 3500 ’

277 3565 426 3627 ecclesiam
439 3565 476 3624 de
488 3563 574 3624 West
587 3563 777 3628 Rerendale
766 3583 800 3624 rn
812 3565 942 3659 proprios
961 3581 1031 3624 usus
1048 3583 1147 3624 eorum
1159 3565 1375 3643 imperpetuum
1433 3609 1438 3622 .

277 3645 511 3707 convertendum.
552 3644 639 3706 Selva
652 3652 790 3722 perpetua
799 3645 1372 3724 vicariaquamordinarimusinecdem

278 3727 446 3789 statuentes
458 3727 518 3786 ut'
508 3745 535 3786 rs
554 3725 607 3802 qui
623 3744 679 3820 pro
698 3730 826 3820 tempore
845 3732 1001 3804 perpetuus
1019 3727 1144 3787 vicarius
1163 3726 1251 3786 fuerit
1263 3727 1375 3787 ibidem

276 3809 417 3887 percipiat
437 3807 556 3867 nomine
575 3807 667 3884 ipsius
689 3807 794 3867 είεπείε
816 3825 947 3867 annuum
969 3807 1059 3868 unius
1082 3807 1214 3868 canonici
1232 3809 1375 3868 victuma

276 3889 414 3968 predictis
434 3887 589 3950 canonicis
608 3891 639 3947 ot
661 3906 751 3948 unum
774 3906 899 3948 marcum
921 3907 1048 3949 επππείπ
1072 3887 1110 3948 cd
1132 3889 1273 3950 vestitum
1295 3888 1375 3967 apud

275 3973 361 4033 West
374 3970 549 4034 Ravendale.
594 3968 658 4046 Ipsi
677 3974 775 4030 autem
788 3969 929 4031 canonici
949 3971 1046 4030 omnia
1065 3988 1152 4031 onera
1164 3969 1244 4030 illius
1258 3971 1375 4030 ecclesie

275 4054 419 4114 ordinaria
445 4051 641 4113 sustinebunt
698 4050 794 4112 Salvis
820 4049 910 4110 eciem
936 4051 970 4110 in
996 4050 1132 4112 omnibus
1164 4051 1375 4129 episcopalibus

275 4133 535 4195 consuetudinibus
562 4135 609 4193 dc.
667 4131 754 4207 Quod
779 4136 815 4192 ut
846 4136 1014 4210 perpetuam
1047 4133 1178 4209 optineat
1209 4134 1376 4194 firmitatem

277 4217 406 4294 presenti
418 4216 526 4293 scripto
540 4213 668 4293 sigillum
687 4217 821 4274 nostrum
835 4231 895 4274 una
915 4232 981 4273 cum
1001 4213 1097 4292 sigillo
1110 4213 1233 4292 predicti
1246 4214 1376 4292 Capituli

278 4299 372 4359 nostri
388 4296 470 4358 Linc’
484 4297 623 4359 duximus
635 4294 849 4375 apponendum.
891 4295 960 4358 Hiis
973 4295 1108 4356 Testibns
1120 4295 1233 4373 Rogero
1247 4295 1375 4372 Deceno,
