3246 5096
637 493 795 548 meone
817 493 943 548 wnne
1113 515 1115 520 -
1303 478 1343 542 11
1439 437 1454 454 ⁸

302 650 510 707 statuum
537 640 654 702 Vioerie
662 641 696 700 in
705 640 824 702 eooleeie
836 641 873 702 tie
886 639 1035 720 Synetnrn
1047 661 1105 720 qne
1118 647 1163 706 eet
1174 643 1303 705 Ahbetie
1315 649 1346 704 et

242 723 412 785 Conventus
434 723 471 782 de
492 721 658 783 Donkeeetr’
671 723 841 783 anctoritate
862 723 978 783 oonoilii
999 723 1132 784 ordinate
1153 726 1287 786 consistit
1312 726 1346 785 in
1397 742 1400 748 ’

241 804 377 864 omnibus
390 803 618 864 obvenoionibno
632 804 730 864 alteris
744 823 811 864 oum
823 803 946 864 minutio
959 804 1079 864 deoimie
1093 806 1184 866 totino
1201 806 1344 884 peroohie

242 886 283 946 Et
294 884 415 945 hebebit
428 886 553 945 vicarius
567 885 639 944 duee
652 884 760 944 eolides
773 903 886 944 ennuoe
899 884 937 944 ab
950 884 1056 946 ebbete
1069 903 1121 962 pro
1134 905 1235 948 moneo
1254 886 1346 947 donee

242 966 300 1044 ipsi
312 984 446 1026 mensum
466 965 627 1044 provident
649 970 860 1042 competentem
885 970 915 1026 et
938 965 1032 1026 solvet
1054 967 1180 1028 vioerine
1203 968 1347 1028 sinodalia

134 1083 162 1108 χ
243 1047 316 1108 dieti
328 1051 426 1107 entem
435 1047 537 1108 Abbee
550 1051 580 1108 et
594 1047 735 1122 Cenonioi
748 1047 912 1126 hospicium
921 1045 1128 1108 Axohidieeoni
1139 1049 1344 1126 procumbunt

305 1217 498 1273 omentum„
525 1207 641 1268 vicaria
660 1208 693 1268 in
712 1207 832 1270 eolesio
851 1209 889 1270 de
907 1207 1046 1270 Pinshuu
1060 1227 1119 1287 que
1132 1213 1177 1270 eet
1189 1201 1346 1271 eomndm

244 1289 370 1352 Abbetn
382 1295 413 1349 et
426 1289 597 1351 Conventne
612 1289 778 1350 Dorkoeeti'
792 1286 916 1371 [hianti

304 1462 486 1519 TONFELD.
512 1451 629 1514 Vioerie
647 1451 681 1512 in
700 1451 818 1512 eooleeie
837 1451 875 1513 de
893 1451 1096 1531 Tonfeliqne
1108 1457 1152 1514 eet
1165 1452 1305 1514 Pliorieee
1317 1456 1347 1514 et

245 1533 420 1597 Monielium
440 1533 478 1593 de
497 1533 607 1612 Gening
622 1533 733 1593 dudum
754 1533 887 1595 ordinate
900 1533 1033 1594 consistit
1045 1535 1078 1594 in
1092 1535 1229 1595 omnibus
1241 1534 1348 1596 obven-

245 1614 378 1676 eionibue
389 1613 489 1674 niteris
502 1620 533 1676 et
545 1615 579 1674 in
591 1619 655 1675 tote
668 1619 744 1675 tene
756 1614 794 1674 ed
809 1616 931 1676 eendem
944 1615 1092 1676 eooleeiem
1102 1616 1266 1692 pertinente
1280 1635 1348 1676 oum

246 1696 381 1758 domibus
401 1699 430 1755 et
450 1697 520 1756 ontis
533 1695 597 1777 (eie)
610 1699 641 1754 et
653 1696 686 1754 in
702 1697 839 1756 omnibns
859 1697 979 1758 deeimie
998 1695 1080 1756 bledi
1098 1697 1136 1757 de
1156 1697 1294 1774 Heoegne
1311 1694 1346 1776 (t)

247 1782 277 1838 et
300 1778 331 1837 in
356 1776 475 1838 deoimie
497 1775 580 1838 bledi
601 1775 757 1837 willielmi
781 1777 938 1838 Siferweet’
952 1781 982 1837 et
996 1775 1123 1838 Gilberti
1137 1778 1305 1856 Beoergrige
1318 1781 1349 1838 et

247 1857 521 1919 GilbertideArki.
558 1857 692 1919 Vioeriue
712 1862 810 1919 eutem
837 1858 985 1918 redditum
1004 1857 1123 1918 Amhid’
1144 1859 1197 1938 qni
1222 1859 1296 1920 dieit
1312 1859 1347 1938 (i)

246 1939 349 2001 Letere
361 1943 392 1999 et
405 1939 548 2000 einedelie
559 1938 705 2018 persolvet
717 1943 747 2000 et
760 1939 868 2000 suffieit
880 1939 925 2000 ibi
937 1959 1014 2000 unne
1029 1939 1201 2018 oepellnnne

309 2111 553 2176 DORKOESTR'.
580 2100 698 2162 vicaria
730 2102 763 2161 in
797 2100 916 2162 eoeleeie
949 2100 986 2162 de
1018 2101 1185 2163 Dorkoeetn’
1217 2121 1275 2180 qne
1304 2103 1350 2162 eet

247 2183 460 2245 Cenonioorum
473 2182 583 2244 ibidem
597 2202 663 2244 enm
679 2183 797 2262 oepellie
810 2183 847 2244 ed
861 2202 925 2244 eem
937 2183 1152 2262 pertinentibne
1165 2179 1286 2266 [olenti
