3258 5096
657 493 815 550 nunonis
836 493 961 548 omns
1322 471 1366 540 77

261 650 291 706 et
310 629 411 712 oe'teris
431 649 465 706 ut
484 663 571 722 supro
590 643 623 704 in
643 647 720 702 uerte
739 641 878 718 proxime.
928 639 998 702 Det'
1017 659 1070 718 per
1089 657 1208 701 menum
1228 637 1363 717 Magistri

259 725 571 868 ffiffiffiffizff
584 724 663 804 apud
682 721 826 802 Kyldeby
839 726 942 784 ootevo
955 720 1022 782 idus
1035 721 1164 799 Augusti
1175 719 1362 800 pontifioetus

321 953 416 1008 τηεε
439 951 594 1007 musteus
606 937 639 996 eb
652 936 768 997 ecelesia
784 934 921 998 Omnium
935 935 988 996 88.
1009 933 1108 996 Otoo'.

322 1020 476 1080 Universis
485 1019 595 1080 Christi
603 1018 738 1078 fidelibus
747 1017 798 1078 dte.
841 1017 966 1078 Noverit
973 1014 1148 1075 universitas
1158 1017 1255 1074 vestre
1264 1031 1318 1074 nos
1328 1013 1365 1074 de

262 1119 381 1162 assensu
397 1100 527 1178 Capituli
540 1100 633 1160 nostri
643 1099 776 1159 Linooln’
787 1098 887 1159 divine
897 1097 1016 1176 pietatis
1029 1095 1141 1156 intuitu
1151 1095 1323 1156 ooneessisse
1336 1101 1367 1156 et

263 1183 377 1242 dedisse
390 1185 420 1241 et
433 1181 561 1260 presenti
581 1184 658 1240 oarte
677 1183 777 1240 nostre
796 1180 980 1240 confirmasse
992 1176 1107 1236 dilectis
1120 1177 1153 1236 in
1166 1175 1284 1238 Christo
1297 1175 1367 1238 filiis

263 1265 359 1324 Priori
367 1260 1087 1324 etConventuiS.FrethewitbeOxon'tresmsrees
1094 1257 1368 1318 ennuesineoolesis

264 1344 404 1404 Omnium
419 1343 591 1403 Senotorum
605 1342 699 1402 Oxon’
713 1343 832 1402 nomine
851 1341 984 1420 perpetui
1004 1339 1137 1400 beneficii
1157 1338 1363 1416 percipiendus.

264 1425 361 1486 Cuivis
374 1425 407 1483 in
420 1424 555 1484 omuibus
569 1423 620 1484 dio.
663 1423 703 1482 In
725 1423 814 1500 hujus
837 1423 928 1500 igitur
946 1421 990 1481 rei
1009 1421 1097 1480 robur
1112 1425 1142 1479 et
1164 1420 1365 1480 testimonium

264 1505 393 1582 sigillum
405 1509 538 1564 nostrum
552 1509 581 1565 et
601 1504 731 1582 sigillum
751 1503 872 1583 oepituli
885 1503 978 1563 nostri
996 1501 1078 1561 Lino'
1093 1501 1162 1560 huie
1175 1501 1282 1579 scripto
1296 1504 1366 1561 sunt

265 1587 403 1663 opposite.
445 1585 581 1646 Testibus
604 1585 731 1646 Roberto
756 1585 793 1645 de
818 1585 919 1644 Heiles
944 1583 1145 1644 erohidieoono
1170 1579 1365 1656 Huutindon',

266 1667 406 1744 Magistro
421 1666 581 1744 Regineldo
592 1667 629 1726 de
643 1667 734 1727 Cestr
748 1672 778 1726 et
802 1666 903 1726 oetoris
927 1670 961 1726 ut
980 1683 1068 1742 supro
1087 1664 1120 1722 in
1133 1667 1211 1723 sorte
1224 1663 1364 1740 proxime.

264 1747 334 1807 Det'
354 1767 406 1824 per
428 1766 548 1806 menum
567 1747 722 1807 Willielmi
739 1747 775 1806 de
799 1748 918 1807 Tomeo'
932 1744 1140 1806 Arohidieooni
1164 1743 1263 1805 stowe
1287 1743 1366 1822 opud

265 1828 359 1890 Oxon'
372 1829 588 1906 quintodeoimo
597 1829 655 1888 lrel’
669 1829 846 1905 Septembris
859 1827 1045 1906 pontificatus
1059 1825 1152 1885 nostri
1165 1844 1242 1885 enno
1255 1825 1309 1900 vj0.

328 1971 562 2028 ΒΑτιειοΑοιο
591 1959 756 2019 avitacionis
779 1959 979 2019 adoowotom'e
998 1957 1109 2018 eoeleste
1129 1957 1164 2016 de
1184 1953 1368 2037 &stolorum

327 2039 482 2099 Universis
495 2044 593 2100 seuoto
606 2041 706 2100 metris
717 2040 768 2101 dto.
812 2039 910 2115 Quum
918 2040 968 2116 pie
976 2039 1107 2098 fidelium
1114 2037 1191 2097 ieote
1200 2037 1289 2114 digno
1297 2041 1368 2098 sunt

266 2120 464 2199 persequenda
480 2121 586 2196 ferere,
601 2121 742 2182 noveritis
764 2140 817 2181 nos
839 2121 1026 2181 oolleoionem
1048 2119 1147 2178 dileoti
1169 2119 1225 2178 filii
1243 2117 1369 2178 Gsllridi

267 2203 304 2262 de
331 2200 449 2276 Nevill',
478 2221 565 2278 quem
591 2221 677 2280 super
704 2202 895 2263 edvooeoione
915 2202 1033 2262 eoelesie
1053 2201 1090 2260 de
1110 2200 1248 2261 Stuinton
1268 2199 1369 2259 domui

266 2283 398 2360 religiose
411 2282 448 2342 de
461 2283 638 2360 Tupesholm
651 2283 722 2344 feeit
736 2288 765 2343 et
779 2283 924 2343 oenoniois
936 2283 1047 2342 ibidem
1061 2283 1116 2342 deo
1129 2281 1324 2341 servientibus
1338 2285 1369 2340 et

268 2365 481 2441 imperpetuum
494 2364 663 2441 reguleriter
675 2365 832 2438 servituris,
843 2368 935 2426 retem
944 2368 974 2424 et
983 2369 1092 2441 grutem
1101 2362 1218 2435 behem,
1227 2380 1290 2422 eom
1300 2379 1368 2438 que,

268 2445 345 2505 siout
357 2445 570 2506 racionabiliter
582 2447 658 2506 laete
671 2451 722 2520 est,
738 2448 780 2506 eie
800 2447 970 2507 euotoritete
986 2445 1143 2524 episcopali
1156 2444 1366 2504 confirmemus.

270 2525 366 2588 Selris
385 2527 418 2586 iu
442 2527 577 2587 omnibus
600 2527 652 2589 dre.
695 2528 782 2603 Quod
805 2531 840 2586 ut
860 2531 1029 2605 perpetuom
1049 2525 1100 2588 dre
1145 2525 1213 2584 Hiis
1232 2524 1369 2584 'festibus

269 2607 351 2667 Will'
364 2607 401 2666 de
414 2608 542 2668 Tomeoo
566 2609 766 2668 erobidieoouo
780 2608 886 2683 stowe,
901 2608 1043 2686 Magistro
1055 2607 1091 2667 R.
1107 2607 1144 2668 de
1164 2606 1264 2680 Cestr',
1279 2604 1315 2665 R.
1331 2605 1368 2664 de

269 2688 397 2749 Bristoll’
423 2689 580 2766 ospellsno,
611 2689 752 2767 Magistro
779 2690 910 2750 Waltero
943 2689 980 2748 de
1014 2688 1110 2763 well,
1137 2689 1172 2748 P.
1201 2687 1238 2746 de
1272 2685 1368 2761 satha

269 2771 415 2830 oeuouiois
428 2769 519 2844 Lino'‚
534 2771 682 2848 Magistris
695 2771 730 2832 R.
747 2772 784 2832 de
805 2770 919 2831 Greuel’
932 2775 962 2830 et
975 2769 1024 2830 W.
1041 2769 1077 2830 de
1091 2768 1266 2845 Steveneby,
1280 2768 1368 2827 Petro

270 2849 308 2910 de
330 2851 463 2926 Wilton',
486 2850 523 2911 R.
538 2852 575 2911 de
598 2851 714 2926 Bohun,
740 2851 890 2928 Stephano
916 2851 953 2910 de
973 2851 1033 2912 Cio'
1058 2855 1088 2910 et
1108 2850 1182 2910 eliis.
1224 2847 1294 2908 Det'
1317 2866 1370 2926 per

270 2949 389 2990 menum
410 2932 532 2992 Roberti
559 2933 595 2992 de
622 2933 713 2992 Heill’
739 2932 934 2993 erohidieooui
958 2931 1144 2992 Huutiudon'
1170 2930 1250 3010 epud
1273 2929 1368 2990 Oxon'

270 3010 441 3071 duodeoimo
454 3013 511 3072 kel
528 3012 706 3092 Septembris
719 3014 906 3092 pontificatus
919 3013 1011 3073 nostri
1023 3031 1101 3073 enno
1113 3013 1168 3090 vj0.

332 3155 548 3283 1111111111
568 3163 610 3283 ι11
611 3143 715 3284 siffridi
712 3141 991 3285 dngbrsitbiodmtm
998 3242 1052 3285 vos
1062 3223 1099 3284 de
1110 3243 1228 3284 assensu
1239 3221 1370 3300 Capituli

270 3307 364 3363 uostrr
376 3302 459 3362 Lino'
472 3303 573 3363 divine
587 3305 705 3383 pietatis
718 3305 830 3365 intuitu
843 3305 1015 3365 conoessieso
1028 3309 1058 3365 et
1074 3305 1187 3365 dedisse
1200 3309 1230 3363 et
1242 3305 1370 3381 presenti

272 3389 349 3444 oerte
362 3389 461 3443 nostre
474 3385 656 3446 confirmasse
669 3386 784 3446 dilectis
793 3387 827 3446 in
838 3386 955 3447 Christo
968 3386 1038 3447 filiis
1051 3386 1146 3446 Priori
1159 3391 1190 3445 et
1203 3381 1370 3446 Conventui

271 3464 309 3524 de
322 3465 458 3541 Wirlrsop
472 3465 603 3526 deoetero
613 3471 671 3526 tres
681 3486 789 3527 meroes
800 3487 910 3528 annues
919 3468 953 3528 in
963 3468 1082 3528 eoolesie
1091 3468 1129 3527 de
1137 3467 1242 3526 Riston
1251 3465 1370 3526 nomine

270 3547 404 3624 perpetui
423 3546 557 3606 beneficii
575 3549 789 3626 imperpetuum
808 3549 1016 3626 percipiendus,
1031 3549 1068 3608 de
1087 3568 1146 3626 que
1158 3549 1239 3626 prius
1252 3551 1369 3607 tontum

271 3629 866 3707 unemmeroumperoipereconsueverunt.
887 3629 1218 3692 Salvisinomnibusdto.
1236 3627 1369 3705 inhujus

271 3709 362 3786 igitur
373 3708 415 3767 rei
429 3709 516 3768 robur
529 3715 559 3769 et
572 3711 771 3772 testimonium
781 3711 910 3790 sigillum
920 3718 1052 3773 nostrum
1062 3716 1091 3772 et
1101 3711 1229 3788 sigillum
1239 3709 1370 3788 Capituli

271 3789 364 3849 nostri
387 3789 468 3849 Lino'
492 3790 561 3850 huie
587 3793 694 3870 scripto
721 3798 791 3852 sunt
818 3794 958 3870 apposite.
1000 3794 1068 3852 Hiis
1094 3793 1230 3852 Testibus
1257 3791 1369 3867 Rogero

271 3868 391 3930 Deoeno
404 3870 504 3946 Lino'3
525 3871 690 3933 Reimundo
714 3873 815 3948 Leiro',
840 3874 968 3934 Roberto
992 3873 1176 3951 Norbompt',
1199 3871 1368 3932 Alexandro

272 3949 432 4024 Bedeford'‚
447 3950 469 4010 J
470 3953 583 4012 ohanne
594 3952 697 4028 Oxon',
712 3954 840 4015 Roberto
857 3955 959 4029 Hunt',
974 3955 1201 4028 erobidieoonis;
1221 3952 1369 4030 Megistris

272 4029 307 4090 R.
323 4031 360 4090 de
374 4031 464 4092 Cestr'
478 4037 508 4091 et
521 4034 570 4094 W.
583 4035 619 4094 de
634 4035 729 4110 Well',
740 4035 852 4114 Rogero
865 4037 902 4096 de
915 4035 1043 4096 Bristoll'
1054 4042 1084 4096 et
1093 4037 1204 4096 Thoms
1214 4034 1369 4093 Fiskertou

272 4112 438 4188 repelleris,
459 4113 547 4174 Petro
567 4115 603 4174 de
627 4115 713 4176 Beth’
727 4117 827 4177 oenon'
840 4117 940 4192 Lino’3
960 4117 1108 4195 Magistris
1128 4117 1163 4176 R.
1186 4116 1223 4174 de
1244 4113 1368 4187 Crsuel',

272 4191 321 4252 W.
338 4193 374 4252 de
389 4193 565 4272 Steueueby,
579 4197 615 4256 R.
631 4197 667 4256 de
680 4197 835 4274 Tingherst
845 4203 874 4258 et
888 4198 1037 4276 Stephano
1048 4198 1084 4258 de
1094 4197 1154 4258 Cio'
1168 4201 1198 4257 et
1210 4195 1283 4256 eliis.
1299 4194 1369 4255 Det'

272 4291 324 4350 per
337 4293 457 4334 menum
471 4277 519 4336 W.
532 4277 568 4336 de
577 4277 694 4338 Tornao'
708 4275 769 4419 pfo.
786 4275 853 4360 24¹0]
867 4279 1062 4340 erohidieooni
1077 4279 1175 4340 Stowe
1188 4276 1267 4355 opud
1274 4275 1370 4336 Vetus

273 4355 426 4474 Tpmplum
440 4357 572 4416 London’
586 4359 689 4435 quinto
730 4359 768 4420 el.
790 4361 968 4438 septembris
987 4361 1173 4438 pontificatus
1185 4358 1278 4420 nostri
1291 4377 1368 4420 enno

271 4453 325 4511 VJ.
