3258 5096
656 405 814 462 mm
833 404 960 460 mn.
1296 385 1359 454 1⁰8

261 557 394 636 perpetui
418 553 559 616 beneficii.
613 553 664 614 Ad
687 553 759 614 dues
787 552 905 632 quidem
929 551 1001 613 alias
1027 555 1122 629 partes
1148 553 1362 629 presentabitur

260 639 396 700 similiter
408 637 495 696 nobis
514 641 544 696 et
563 636 774 696 successoribus
793 635 900 694 nostris
918 633 1044 694 vicarius
1061 637 1219 712 perpetuus
1238 654 1257 696 6
1275 635 1362 696 nobis

164 754 168 762 ι
259 719 460 780 instituendus
482 717 535 794 qni
559 716 649 776 eciam
674 717 804 794 quinque
826 733 934 776 marcas
956 733 1069 776 annuos
1089 715 1209 775 nomine
1229 717 1363 794 perpetui

260 801 394 860 beneficii
407 799 553 876 sepedicto
567 797 704 875 Capitulc
716 796 812 858 Exon'
825 797 978 876 persolvet
1018 795 1059 854 Et
1075 799 1183 854 extunc
1200 803 1285 856 erunt
1304 802 1363 858 trae

260 882 367 942 vicarie
386 885 525 959 perpetue
547 883 578 938 61
598 884 658 938 tres
677 879 779 938 vicarii
799 878 932 956 perpetui
957 878 990 936 in
1010 875 1109 949 eadem
1130 877 1248 937 ecelesia
1260 879 1363 955 imper-

261 967 390 1040 petuum.
432 961 493 1036 Qui
503 960 608 1021 vicarii
621 960 662 1019 sic
675 979 727 1037 per
740 978 794 1018 nos
807 964 837 1018 61
851 975 1024 1018 successores
1037 961 1151 1016 nostros
1161 957 1292 1018 instituti
1303 964 1364 1018 tam

262 1043 347 1102 nobis
360 1048 390 1102 61
404 1042 615 1102 successoribus
624 1041 731 1100 nostris
742 1046 771 1100 et
782 1039 899 1100 ecclesie
908 1045 1005 1098 nostre
1017 1037 1099 1098 Linc'
1110 1043 1140 1096 61
1150 1037 1364 1100 Archidieccno

263 1123 357 1184 Oxon’
368 1143 455 1201 quem
466 1123 602 1201 Capitulo
616 1121 710 1181 Exon'
718 1120 877 1182 secundum
888 1120 968 1198 qnod
977 1119 1149 1198 promissum
1159 1124 1204 1180 est
1213 1120 1364 1198 responde·

261 1205 346 1264 bunt.
376 1203 657 1266 Salvisinomnibus
666 1201 876 1280 episcopalibus
886 1200 1144 1261 consuetudinibus
1153 1199 1204 1261 dvo.
1234 1201 1321 1278 Quod
1329 1207 1363 1262 ut

262 1289 430 1364 perpetuam
451 1286 581 1362 optineat
600 1285 767 1344 firmitatem
786 1302 841 1342 nos
860 1287 890 1342 61
904 1281 1073 1359 Capitulum
1091 1287 1223 1342 nostrum
1237 1283 1318 1344 Linc'
1333 1289 1363 1344 61

262 1367 425 1444 predictum
434 1359 603 1443 Capitulum
611 1363 950 1441 Exon'preseutisoripto
958 1362 1054 1440 sigilla
1061 1366 1361 1442 nostraspposuimns.

263 1447 398 1506 Testibus
421 1447 533 1524 Rogero
563 1447 690 1520 Decano,
729 1445 862 1506 Calfrido
891 1445 1070 1517 Pascentem,
1087 1444 1138 1515 «C.
1162 1443 1360 1522 (thesaurario,

263 1527 388 1588 Ricardo
402 1528 589 1602 Cancellario,
603 1527 730 1587 Roberto
745 1525 967 1602 Norhempton’,
986 1525 1021 1585 R.
1037 1523 1137 1599 Leirc’,
1153 1525 1189 1584 R.
1207 1526 1312 1600 Hunt’,
1333 1527 1364 1587 J.

265 1608 368 1685 Oxon',
378 1609 399 1668 J
400 1649 406 1665 .
420 1607 582 1682 Bedeford'‚
593 1613 623 1668 et
634 1609 674 1668 H.
687 1608 785 1669 Stovve
798 1605 1015 1679 archidiaconis,
1029 1605 1051 1664 J
1052 1650 1059 1665 .
1075 1605 1256 1682 Subdecano,
1270 1607 1310 1668 H.
1326 1607 1364 1668 de

264 1689 478 1768 Bassingeburn
496 1689 696 1749 archidiacono
710 1689 781 1762 ser,
796 1693 825 1748 61
846 1687 885 1748 H.
901 1687 937 1747 de
950 1685 1038 1746 Well’
1053 1686 1254 1748 archidiacono
1268 1688 1364 1761 Beth:

264 1769 412 1848 Magnstris
432 1771 481 1830 W.
503 1771 543 1833 ffl’
563 1770 701 1830 Fulcouis
721 1775 751 1830 61
770 1769 806 1829 C.
830 1768 866 1828 (16
885 1766 1083 1845 Soerdeburg',
1098 1767 1133 1828 R.
1150 1769 1187 1828 de
1207 1768 1363 1844 Lindvvud‚

206 1879 210 1891 ·
264 1852 313 1912 W.
328 1851 454 1925 Blnudc,
469 1851 504 1912 R.
522 1851 557 1910 (16
577 1851 715 1924 Bristoll',
730 1851 878 1928 Magistris
891 1850 927 1909 R.
943 1849 980 1908 de
1000 1848 1125 1921 (trenel,
1140 1854 1170 1908 61
1191 1849 1273 1910 8.(16
1294 1850 1364 1926 cic,

264 1933 300 1993 R.
317 1932 353 1992 de
366 1933 605 2010 Wassiugsburn'
620 1932 784 2010 capellanis,
798 1931 939 2008 Magistro
953 1929 990 1990 A.
1006 1930 1042 1989 de
1057 1929 1087 1990 S.
1103 1929 1269 2006 Edmuudo,
1280 1931 1314 1991 P.
1329 1931 1365 1992 (16

265 2013 373 2090 Hung’,
385 2013 525 2090 Magistro
536 2013 583 2073 W.
597 2013 634 2072 (16
644 2012 740 2086 Well',
752 2011 786 2072 R.
800 2011 836 2071 de
847 2011 963 2084 Bohun,
974 2015 1003 2070 61
1015 2011 1102 2070 Petro
1114 2011 1150 2070 de
1161 2011 1365 2073 Cheuremont’

265 2095 410 2154 canonicis
430 2095 522 2168 Linc',
543 2099 572 2154 61
594 2093 711 2154 Olivero
739 2093 776 2152 (16
796 2091 909 2154 Chsdn’
929 2092 1039 2152 clerico.
1082 2091 1152 2152 Dat'
1172 2112 1224 2170 per
1246 2111 1366 2152 manum

265 2175 375 2235 Thomu
395 2175 432 2234 de
455 2174 619 2236 Fiskerton'
643 2174 784 2252 capellani
808 2174 940 2234 canonici
965 2171 1047 2232 Lino’
1071 2171 1104 2232 16
1124 2173 1262 2252 Capitulo
1282 2173 1366 2234 Linc'

265 2257 345 2334 apud
358 2255 440 2317 Linc’
452 2257 530 2335 xvij⁰
542 2256 600 2318 kal
615 2255 637 2318 J
638 2256 749 2334 666661]ο
763 2255 949 2334 pontificatus
962 2253 1055 2314 nostri
1067 2273 1144 2314 anno
1160 2254 1214 2332 xjr.
1260 2271 1262 2277 ’

736 2415 801 2499 [ro.
819 2413 891 2499 66].

325 2537 472 2593 8ΤΑΝΤ’Ι
485 2543 550 2584 oum
564 2523 749 2584 ordinacione
764 2523 882 2584 6166616.

327 2605 471 2666 Omnibus
486 2606 531 2666 16.
573 2605 698 2665 Noverit
713 2605 887 2664 universitas
899 2606 996 2664 vestra
1010 2621 1063 2662 nos
1078 2603 1115 2663 de
1129 2619 1247 2664 assensu
1260 2603 1366 2682 Rogeri

266 2686 379 2746 Decani
402 2691 431 2747 61
456 2687 587 2764 Capituli
609 2687 703 2746 nostri
725 2685 807 2746 Linc’
821 2685 922 2745 divine
941 2685 1058 2762 pietatis
1078 2683 1189 2744 1616116
1203 2685 1316 2744 dedisse
1336 2691 1366 2744 61

266 2768 438 2828 concessisse
463 2767 577 2828 dilectis
597 2767 630 2826 in
651 2767 767 2828 Christo
787 2767 904 2826 filiabus
924 2766 1063 2825 Priorisse
1084 2771 1114 2824 61
1133 2766 1309 2826 monialibus
1329 2765 1366 2825 (16

267 2847 384 2926 Garing’
411 2849 559 2908 ecclesiam
586 2849 622 2907 (16
650 2848 746 2908 Stant'
774 2866 840 2907 oum
868 2847 1002 2907 omnibus
1029 2847 1216 2924 pertinenciis
1246 2847 1306 2906 suis
1333 2847 1366 2906 iu

163 2939 165 2942 '
266 2931 397 3006 proprios
430 2949 501 2989 usus
528 2928 693 2989 habendam
721 2933 751 2987 61
781 2928 995 3005 imperpetuum
1024 2926 1236 3004 possidendam.
1279 2927 1367 2988 Salva

265 3015 405 3086 perpetue
424 3011 530 3070 vicaria
550 3029 637 3087 quam
657 3010 827 3069 auctoritate
847 3008 964 3068 concilii
983 3008 1181 3067 ordinavimus
1202 3007 1235 3066 16
1255 3009 1363 3068 eadem.

267 3089 332 3164 Qus
344 3089 450 3149 vicarie
464 3091 596 3150 consistit
609 3091 643 3149 16
659 3095 722 3150 1616
742 3089 879 3166 altatagio
900 3089 1030 3165 ejusdem
1050 3088 1166 3146 ecclesie
1186 3106 1252 3147 cum
1266 3107 1366 3149 menso

265 3171 441 3247 competenti
464 3176 494 3231 61
517 3171 550 3230 16
574 3171 688 3230 (166166
710 3171 832 3246 virgatis
854 3173 928 3228 terre
948 3173 978 3228 61
995 3187 1093 3228 esrum
1105 3168 1292 3245 pertinenciis
1304 3188 1363 3246 que

266 3251 413 3329 pertinent
426 3251 464 3310 sd
476 3252 570 3328 ipsam
585 3251 734 3312 ecclesiam
747 3257 776 3310 61
790 3251 823 3310 16
836 3249 956 3310 decimis
969 3249 1092 3309 duarum
1104 3249 1279 3326 virgatarum
1293 3255 1367 3310 terre

267 3351 339 3409 quas
362 3331 506 3392 Cerardns
522 3333 624 3392 'tenuit
647 3337 677 3392 61
700 3331 822 3392 aliarum
850 3331 973 3390 duarum
995 3330 1171 3406 virgatamm
1191 3335 1266 3390 terre
1292 3350 1365 3408 quas
1493 3333 1497 3340 “

267 3413 411 3498 Sampson
431 3420 461 3472 61
480 3413 633 3473 Rioherius
652 3417 816 3474 tenuerunt.
858 3411 993 3472 Viearius
1019 3415 1118 3470 autem
1144 3410 1222 3470 dicte
1249 3412 1367 3472 ecclesie

266 3493 361 3554 solvet
374 3494 525 3572 synodalia
538 3499 569 3554 et
580 3493 691 3573 pretate
701 3493 844 3553 Monieles
855 3493 952 3552 omnia
964 3492 1022 3552 alia
1034 3511 1121 3552 onera
1134 3492 1278 3552 ordinaria
1287 3493 1367 3553 illius

268 3575 385 3634 ecclesie
398 3575 594 3635 sustinebunt.
638 3575 734 3636 Salvis
746 3575 779 3634 in
792 3573 928 3634 omnibus
939 3573 1147 3652 episcopalibus
1158 3573 1369 3652 episcopalibus

267 3652 333 3738 [616]
348 3657 607 3716 consuetudinibus
621 3657 667 3716 16.
710 3655 797 3732 Quod
809 3661 844 3715 61
861 3661 1029 3733 perpetuam
1049 3655 1180 3732 optineat
1199 3655 1367 3715 firmitatem

266 3738 394 3814 presenti
407 3739 514 3815 scripto
537 3737 667 3815 sigillum
689 3742 821 3798 nostrum
834 3756 893 3796 nna
906 3755 973 3796 cnm
986 3735 1082 3813 sigillo
1095 3735 1218 3814 predicti
1238 3736 1368 3813 Capituli

268 3819 362 3877 nostri
375 3817 458 3878 Linc'
472 3819 610 3878 duximus
623 3819 836 3896 apponendum.
878 3817 946 3877 Hiis
959 3817 1094 3878 Testibus
1107 3817 1219 3894 Rogero
1239 3817 1367 3887 Decem,

267 3897 317 3958 W.
330 3899 531 3959 archidiacono
541 3899 633 3974 Liuc’,
642 3900 679 3960 C.
690 3899 871 3972 Ρ666661666,
881 3898 1006 3958 Ricardo
1016 3897 1204 3972 Cauoellario,
1214 3897 1250 3959 R.
1263 3897 1368 3973 Hunt',

268 3983 299 4039 61
323 3980 363 4040 H.
386 3980 483 4040 Stovve
507 3981 724 4054 archidiaconis,
748 3979 896 4058 Magistris
918 3979 966 4041 W.
995 3979 1035 4039 iil'
1056 3980 1194 4040 Falconis
1220 3983 1250 4040 61
1274 3978 1309 4038 C.
1332 3979 1369 4039 ds

268 4061 469 4142 Scandebmg',
494 4062 557 4124 Ric.
583 4061 620 4123 ds
643 4061 808 4137 Iindwud',
831 4060 881 4122 W.
897 4060 1024 4136 Blnudc,
1038 4061 1151 4139 Rogero
1173 4060 1210 4121 de
1232 4059 1370 4136 Bristoll’‚

647 4213 995 4262 *memoremdzfflnsw
