<?xml version="1.0" encoding="UTF-8"?>
<!DOCTYPE html PUBLIC "-//W3C//DTD XHTML 1.0 Transitional//EN"
    "http://www.w3.org/TR/xhtml1/DTD/xhtml1-transitional.dtd">
<html xmlns="http://www.w3.org/1999/xhtml" xml:lang="en" lang="en">
 <head>
  <title>
</title>
<meta http-equiv="Content-Type" content="text/html;charset=utf-8" />
  <meta name='ocr-system' content='tesseract 3.04.00' />
  <meta name='ocr-capabilities' content='ocr_page ocr_carea ocr_par ocr_line ocrx_word'/>
</head>
<body>
  <div class='ocr_page' id='page_1' title='image "./liberantiquusde00wellgoog_0085.png"; bbox 0 0 3258 5096; ppageno 0'>
   <div class='ocr_carea' id='block_1_1' title="bbox 664 441 1372 510">
    <p class='ocr_par' dir='ltr' id='par_1_1' title="bbox 664 441 1372 510">
     <span class='ocr_line' id='line_1_1' title="bbox 664 441 1372 510; baseline 0.003 -2"><span class='ocrx_word' id='word_1_1' title='bbox 664 453 821 508; x_wconf 77' lang='lat' dir='ltr'><strong>succure</strong></span> <span class='ocrx_word' id='word_1_2' title='bbox 843 453 968 508; x_wconf 75' lang='lat' dir='ltr'><strong>worm.</strong></span> <span class='ocrx_word' id='word_1_3' title='bbox 1328 441 1372 510; x_wconf 82' lang='lat'><strong>67</strong></span> 
     </span>
    </p>
   </div>
   <div class='ocr_carea' id='block_1_2' title="bbox 267 601 1367 1092">
    <p class='ocr_par' dir='ltr' id='par_1_2' title="bbox 267 601 1367 1092">
     <span class='ocr_line' id='line_1_2' title="bbox 268 601 1367 680; baseline 0.005 -16"><span class='ocrx_word' id='word_1_4' title='bbox 268 601 424 664; x_wconf 80' lang='lat' dir='ltr'><strong>mlevcndo</strong></span> <span class='ocrx_word' id='word_1_5' title='bbox 449 603 590 663; x_wconf 78' lang='lat' dir='ltr'><strong>vimulum</strong></span> <span class='ocrx_word' id='word_1_6' title='bbox 623 601 659 663; x_wconf 89' lang='lat' dir='ltr'><strong>de</strong></span> <span class='ocrx_word' id='word_1_7' title='bbox 692 602 815 662; x_wconf 82' lang='lat' dir='ltr'><strong>dimidie</strong></span> <span class='ocrx_word' id='word_1_8' title='bbox 847 621 942 662; x_wconf 82' lang='lat' dir='ltr'><strong>meme</strong></span> <span class='ocrx_word' id='word_1_9' title='bbox 967 621 1055 680; x_wconf 85' lang='lat' dir='ltr'><strong>quem</strong></span> <span class='ocrx_word' id='word_1_10' title='bbox 1082 602 1293 680; x_wconf 83' lang='lat' dir='ltr'><strong>predecessores</strong></span> <span class='ocrx_word' id='word_1_11' title='bbox 1319 610 1367 670; x_wconf 87' lang='lat' dir='ltr'><strong>sni</strong></span> 
     </span>
     <span class='ocr_line' id='line_1_3' title="bbox 268 683 1366 763; baseline 0.003 -15"><span class='ocrx_word' id='word_1_12' title='bbox 268 685 428 763; x_wconf 84' lang='lat' dir='ltr'><strong>persolvere</strong></span> <span class='ocrx_word' id='word_1_13' title='bbox 453 689 665 744; x_wconf 84' lang='lat' dir='ltr'><strong>consueverunt</strong></span> <span class='ocrx_word' id='word_1_14' title='bbox 690 683 790 744; x_wconf 84' lang='lat' dir='ltr'><strong>cbbeti</strong></span> <span class='ocrx_word' id='word_1_15' title='bbox 817 688 847 744; x_wconf 88' lang='lat' dir='ltr'><strong>et</strong></span> <span class='ocrx_word' id='word_1_16' title='bbox 874 683 1033 744; x_wconf 87' lang='lat' dir='ltr'><strong>conventui</strong></span> <span class='ocrx_word' id='word_1_17' title='bbox 1066 683 1222 762; x_wconf 82' lang='lat' dir='ltr'><strong>Croylsnd&#39;</strong></span> <span class='ocrx_word' id='word_1_18' title='bbox 1246 689 1366 750; x_wconf 85' lang='lat' dir='ltr'><strong>nomine</strong></span> 
     </span>
     <span class='ocr_line' id='line_1_4' title="bbox 268 764 1366 844; baseline 0.006 -20"><span class='ocrx_word' id='word_1_19' title='bbox 268 764 1366 844; x_wconf 77' lang='lat' dir='ltr'><strong>pensionis,etdehospicioArchidicconi,similiterdeoemendoauctoritate</strong></span> 
     </span>
     <span class='ocr_line' id='line_1_5' title="bbox 267 845 1363 924; baseline 0.005 -17"><span class='ocrx_word' id='word_1_20' title='bbox 267 847 424 924; x_wconf 74' lang='lat' dir='ltr'><strong>apostolice</strong></span> <span class='ocrx_word' id='word_1_21' title='bbox 443 865 516 906; x_wconf 89' lang='lat' dir='ltr'><strong>onus</strong></span> <span class='ocrx_word' id='word_1_22' title='bbox 535 845 666 924; x_wconf 87' lang='lat' dir='ltr'><strong>ejusdem</strong></span> <span class='ocrx_word' id='word_1_23' title='bbox 684 845 895 924; x_wconf 79' lang='lat' dir='ltr'><strong>procnmcionie</strong></span> <span class='ocrx_word' id='word_1_24' title='bbox 908 845 1017 905; x_wconf 88' lang='lat' dir='ltr'><strong>eisdem</strong></span> <span class='ocrx_word' id='word_1_25' title='bbox 1036 846 1136 906; x_wconf 86' lang='lat' dir='ltr'><strong>cbbsti</strong></span> <span class='ocrx_word' id='word_1_26' title='bbox 1155 852 1185 907; x_wconf 90' lang='lat' dir='ltr'><strong>et</strong></span> <span class='ocrx_word' id='word_1_27' title='bbox 1204 853 1363 912; x_wconf 86' lang='lat' dir='ltr'><strong>conventui</strong></span> 
     </span>
     <span class='ocr_line' id='line_1_6' title="bbox 269 925 1362 1007; baseline 0.004 -19"><span class='ocrx_word' id='word_1_28' title='bbox 269 927 399 988; x_wconf 86' lang='lat' dir='ltr'><strong>decetero</strong></span> <span class='ocrx_word' id='word_1_29' title='bbox 424 927 591 988; x_wconf 74' lang='lat' dir='ltr'>incumbere</span> <span class='ocrx_word' id='word_1_30' title='bbox 617 932 647 987; x_wconf 86' lang='lat' dir='ltr'><strong>et</strong></span> <span class='ocrx_word' id='word_1_31' title='bbox 673 947 691 987; x_wconf 84' lang='lat' dir='ltr'><strong>c</strong></span> <span class='ocrx_word' id='word_1_32' title='bbox 715 927 902 1006; x_wconf 86' lang='lat' dir='ltr'><strong>percepcione</strong></span> <span class='ocrx_word' id='word_1_33' title='bbox 935 925 1056 987; x_wconf 88' lang='lat' dir='ltr'><strong>dimidie</strong></span> <span class='ocrx_word' id='word_1_34' title='bbox 1089 945 1183 987; x_wconf 81' lang='lat' dir='ltr'><strong>merce</strong></span> <span class='ocrx_word' id='word_1_35' title='bbox 1216 933 1362 1007; x_wconf 84' lang='lat' dir='ltr'><strong>perpetuis</strong></span> 
     </span>
     <span class='ocr_line' id='line_1_7' title="bbox 267 1007 1362 1092; baseline 0.005 -23"><span class='ocrx_word' id='word_1_36' title='bbox 267 1009 447 1086; x_wconf 68' lang='lat' dir='ltr'><strong>temporibus</strong></span> <span class='ocrx_word' id='word_1_37' title='bbox 459 1027 583 1070; x_wconf 78' lang='lat' dir='ltr'><strong>cessere:</strong></span> <span class='ocrx_word' id='word_1_38' title='bbox 603 1007 681 1069; x_wconf 76' lang='lat' dir='ltr'><strong>fecte</strong></span> <span class='ocrx_word' id='word_1_39' title='bbox 693 1007 728 1087; x_wconf 80' lang='lat' dir='ltr'><strong>(i)</strong></span> <span class='ocrx_word' id='word_1_40' title='bbox 752 1027 821 1069; x_wconf 83' lang='lat' dir='ltr'><strong>vero</strong></span> <span class='ocrx_word' id='word_1_41' title='bbox 845 1007 992 1069; x_wconf 72' lang='lat' dir='ltr'><strong>ordinacio</strong></span> <span class='ocrx_word' id='word_1_42' title='bbox 1010 1008 1104 1086; x_wconf 84' lang='lat' dir='ltr'><strong>prime</strong></span> <span class='ocrx_word' id='word_1_43' title='bbox 1123 1009 1235 1070; x_wconf 86' lang='lat' dir='ltr'><strong>ubisit</strong></span> <span class='ocrx_word' id='word_1_44' title='bbox 1254 1013 1362 1092; x_wconf 87' lang='lat' dir='ltr'><strong>scripte</strong></span> 
     </span>
    </p>
   </div>
   <div class='ocr_carea' id='block_1_3' title="bbox 268 1091 1072 1210">
    <p class='ocr_par' dir='ltr' id='par_1_3' title="bbox 268 1091 1072 1210">
     <span class='ocr_line' id='line_1_8' title="bbox 268 1091 405 1152; baseline -0.007 0"><span class='ocrx_word' id='word_1_45' title='bbox 268 1091 405 1152; x_wconf 82' lang='lat' dir='ltr'><strong>nescitur.</strong></span> 
     </span>
     <span class='ocr_line' id='line_1_9' title="bbox 558 1167 1072 1210; baseline 0 0"><span class='ocrx_word' id='word_1_46' title='bbox 558 1167 1072 1210; x_wconf 63' lang='lat' dir='ltr'><strong>*memmatensis-menemus</strong></span> 
     </span>
    </p>
   </div>
   <div class='ocr_carea' id='block_1_4' title="bbox 267 1299 1366 1625">
    <p class='ocr_par' dir='ltr' id='par_1_4' title="bbox 267 1299 1366 1625">
     <span class='ocr_line' id='line_1_10' title="bbox 328 1299 1365 1379; baseline -0.008 -5"><span class='ocrx_word' id='word_1_47' title='bbox 328 1316 462 1372; x_wconf 76' lang='grc' dir='ltr'><strong>ΤΗΟΒΡ.</strong></span> <span class='ocrx_word' id='word_1_48' title='bbox 488 1301 529 1362; x_wconf 90' lang='lat' dir='ltr'><strong>In</strong></span> <span class='ocrx_word' id='word_1_49' title='bbox 554 1300 840 1379; x_wconf 81' lang='lat' dir='ltr'><strong>cugmentcoionibus</strong></span> <span class='ocrx_word' id='word_1_50' title='bbox 870 1299 955 1361; x_wconf 79' lang='lat' dir='ltr'><strong>fectis</strong></span> <span class='ocrx_word' id='word_1_51' title='bbox 981 1319 1033 1378; x_wconf 87' lang='lat' dir='ltr'><strong>per</strong></span> <span class='ocrx_word' id='word_1_52' title='bbox 1058 1300 1178 1362; x_wconf 83' lang='lat' dir='ltr'><strong>bectnm</strong></span> <span class='ocrx_word' id='word_1_53' title='bbox 1204 1301 1365 1366; x_wconf 87' lang='lat' dir='ltr'><strong>Robertum</strong></span> 
     </span>
     <span class='ocr_line' id='line_1_11' title="bbox 267 1381 1366 1461; baseline 0.003 -17"><span class='ocrx_word' id='word_1_54' title='bbox 267 1385 422 1446; x_wconf 80' lang='lat' dir='ltr'><strong>inventum</strong></span> <span class='ocrx_word' id='word_1_55' title='bbox 435 1383 532 1458; x_wconf 33' lang='lat' dir='ltr'><strong>estssic</strong></span> <span class='ocrx_word' id='word_1_56' title='bbox 544 1383 685 1461; x_wconf 84' lang='lat' dir='ltr'><strong>scriptum</strong></span> <span class='ocrx_word' id='word_1_57' title='bbox 696 1381 861 1444; x_wconf 75' lang='lat' dir='ltr'><strong>t—Vicsric</strong></span> <span class='ocrx_word' id='word_1_58' title='bbox 873 1381 990 1443; x_wconf 89' lang='lat' dir='ltr'><strong>ecclesie</strong></span> <span class='ocrx_word' id='word_1_59' title='bbox 1000 1381 1038 1442; x_wconf 90' lang='lat' dir='ltr'><strong>de</strong></span> <span class='ocrx_word' id='word_1_60' title='bbox 1046 1381 1146 1461; x_wconf 86' lang='lat' dir='ltr'><strong>Thorp</strong></span> <span class='ocrx_word' id='word_1_61' title='bbox 1156 1401 1246 1461; x_wconf 86' lang='lat' dir='ltr'><strong>quem</strong></span> <span class='ocrx_word' id='word_1_62' title='bbox 1255 1384 1366 1448; x_wconf 84' lang='lat' dir='ltr'><strong>hebent</strong></span> 
     </span>
     <span class='ocr_line' id='line_1_12' title="bbox 267 1463 1366 1542; baseline 0.002 -16"><span class='ocrx_word' id='word_1_63' title='bbox 267 1465 407 1526; x_wconf 87' lang='lat' dir='ltr'><strong>monisles</strong></span> <span class='ocrx_word' id='word_1_64' title='bbox 432 1464 470 1524; x_wconf 90' lang='lat' dir='ltr'><strong>de</strong></span> <span class='ocrx_word' id='word_1_65' title='bbox 497 1463 673 1526; x_wconf 81' lang='lat' dir='ltr'><strong>Stilreswold</strong></span> <span class='ocrx_word' id='word_1_66' title='bbox 698 1463 732 1523; x_wconf 90' lang='lat' dir='ltr'><strong>in</strong></span> <span class='ocrx_word' id='word_1_67' title='bbox 757 1463 888 1542; x_wconf 89' lang='lat' dir='ltr'><strong>proprios</strong></span> <span class='ocrx_word' id='word_1_68' title='bbox 914 1482 985 1524; x_wconf 88' lang='lat' dir='ltr'><strong>usne</strong></span> <span class='ocrx_word' id='word_1_69' title='bbox 1011 1463 1137 1526; x_wconf 84' lang='lat' dir='ltr'><strong>cddctun</strong></span> <span class='ocrx_word' id='word_1_70' title='bbox 1165 1465 1277 1526; x_wconf 89' lang='lat' dir='ltr'><strong>decime</strong></span> <span class='ocrx_word' id='word_1_71' title='bbox 1304 1467 1366 1530; x_wconf 82' lang='lat' dir='ltr'><strong>leni</strong></span> 
     </span>
     <span class='ocr_line' id='line_1_13' title="bbox 269 1545 554 1625; baseline 0 -19"><span class='ocrx_word' id='word_1_72' title='bbox 269 1546 398 1625; x_wconf 88' lang='lat' dir='ltr'><strong>ejusdem</strong></span> <span class='ocrx_word' id='word_1_73' title='bbox 411 1545 554 1624; x_wconf 87' lang='lat' dir='ltr'><strong>psrocbie.</strong></span> 
     </span>
    </p>
   </div>
   <div class='ocr_carea' id='block_1_5' title="bbox 267 1702 1369 1852">
    <p class='ocr_par' dir='ltr' id='par_1_5' title="bbox 267 1702 1369 1852">
     <span class='ocr_line' id='line_1_14' title="bbox 331 1702 1369 1762; baseline 0.003 -3"><span class='ocrx_word' id='word_1_74' title='bbox 331 1703 405 1760; x_wconf 76' lang='lat' dir='ltr'><strong>PRO</strong></span> <span class='ocrx_word' id='word_1_75' title='bbox 439 1703 592 1760; x_wconf 73' lang='lat' dir='ltr'>DUABUS</span> <span class='ocrx_word' id='word_1_76' title='bbox 625 1703 808 1758; x_wconf 63' lang='lat' dir='ltr'><strong>uterinus</strong></span> <span class='ocrx_word' id='word_1_77' title='bbox 845 1702 1026 1759; x_wconf 67' lang='lat' dir='ltr'><strong>ecclesis</strong></span> <span class='ocrx_word' id='word_1_78' title='bbox 1061 1704 1109 1760; x_wconf 86' lang='grc' dir='ltr'><strong>ῠΕ</strong></span> <span class='ocrx_word' id='word_1_79' title='bbox 1141 1705 1369 1762; x_wconf 62' lang='grc' dir='ltr'><strong>8ΊἎΥΝΤοΝ.Ἰ</strong></span> 
     </span>
     <span class='ocr_line' id='line_1_15' title="bbox 267 1770 1367 1852; baseline 0.001 -19"><span class='ocrx_word' id='word_1_80' title='bbox 267 1772 336 1833; x_wconf 89' lang='lat' dir='ltr'><strong>Due</strong></span> <span class='ocrx_word' id='word_1_81' title='bbox 348 1775 444 1852; x_wconf 80' lang='lat' dir='ltr'><strong>portes</strong></span> <span class='ocrx_word' id='word_1_82' title='bbox 457 1771 574 1831; x_wconf 88' lang='lat' dir='ltr'><strong>ecclesis</strong></span> <span class='ocrx_word' id='word_1_83' title='bbox 587 1770 624 1830; x_wconf 89' lang='lat' dir='ltr'><strong>de</strong></span> <span class='ocrx_word' id='word_1_84' title='bbox 642 1770 797 1849; x_wconf 73' lang='lat' dir='ltr'><strong>suynun,</strong></span> <span class='ocrx_word' id='word_1_85' title='bbox 811 1789 934 1849; x_wconf 88' lang='lat' dir='ltr'><strong>querum</strong></span> <span class='ocrx_word' id='word_1_86' title='bbox 944 1771 995 1848; x_wconf 88' lang='lat' dir='ltr'><strong>jus</strong></span> <span class='ocrx_word' id='word_1_87' title='bbox 1007 1775 1176 1848; x_wconf 77' lang='lat' dir='ltr'><strong>patronatus</strong></span> <span class='ocrx_word' id='word_1_88' title='bbox 1189 1773 1324 1850; x_wconf 71' lang='lat' dir='ltr'>priorissa</span> <span class='ocrx_word' id='word_1_89' title='bbox 1337 1779 1367 1834; x_wconf 89' lang='lat' dir='ltr'><strong>et</strong></span> 
     </span>
    </p>
   </div>
   <div class='ocr_carea' id='block_1_6' title="bbox 268 1851 1367 1931">
    <p class='ocr_par' dir='ltr' id='par_1_6' title="bbox 268 1851 1367 1931">
     <span class='ocr_line' id='line_1_16' title="bbox 268 1851 1367 1931; baseline 0.001 -17"><span class='ocrx_word' id='word_1_90' title='bbox 268 1859 429 1915; x_wconf 81' lang='lat' dir='ltr'><strong>conventus</strong></span> <span class='ocrx_word' id='word_1_91' title='bbox 452 1853 489 1913; x_wconf 90' lang='lat' dir='ltr'><strong>de</strong></span> <span class='ocrx_word' id='word_1_92' title='bbox 511 1851 700 1931; x_wconf 81' lang='lat' dir='ltr'><strong>Aluynghcm</strong></span> <span class='ocrx_word' id='word_1_93' title='bbox 724 1851 760 1911; x_wconf 91' lang='lat' dir='ltr'><strong>de</strong></span> <span class='ocrx_word' id='word_1_94' title='bbox 783 1851 861 1912; x_wconf 90' lang='lat' dir='ltr'><strong>dono</strong></span> <span class='ocrx_word' id='word_1_95' title='bbox 888 1855 919 1911; x_wconf 89' lang='lat' dir='ltr'><strong>et</strong></span> <span class='ocrx_word' id='word_1_96' title='bbox 946 1851 1128 1912; x_wconf 76' lang='lat' dir='ltr'><strong>concessione</strong></span> <span class='ocrx_word' id='word_1_97' title='bbox 1155 1853 1305 1914; x_wconf 81' lang='lat' dir='ltr'><strong>Lemberti</strong></span> <span class='ocrx_word' id='word_1_98' title='bbox 1330 1855 1367 1915; x_wconf 88' lang='lat' dir='ltr'><strong>ds</strong></span> 
     </span>
    </p>
   </div>
   <div class='ocr_carea' id='block_1_7' title="bbox 168 1931 1364 2013">
    <p class='ocr_par' dir='ltr' id='par_1_7' title="bbox 168 1931 1364 2013">
     <span class='ocr_line' id='line_1_17' title="bbox 168 1931 1364 2013; baseline 0 -17"><span class='ocrx_word' id='word_1_99' title='bbox 168 2008 171 2013; x_wconf 21' lang='grc' dir='ltr'>Ι</span> <span class='ocrx_word' id='word_1_100' title='bbox 269 1935 420 1997; x_wconf 82' lang='lat' dir='ltr'><strong>Sooteneie</strong></span> <span class='ocrx_word' id='word_1_101' title='bbox 446 1934 562 2012; x_wconf 85' lang='lat' dir='ltr'><strong>petroni</strong></span> <span class='ocrx_word' id='word_1_102' title='bbox 588 1932 744 1992; x_wconf 74' lang='lat' dir='ltr'><strong>earundem</strong></span> <span class='ocrx_word' id='word_1_103' title='bbox 871 1931 1080 2010; x_wconf 74' lang='lat' dir='ltr'><strong>adquisierunt,</strong></span> <span class='ocrx_word' id='word_1_104' title='bbox 1108 1933 1227 1994; x_wconf 86' lang='lat' dir='ltr'><strong>fuerunt</strong></span> <span class='ocrx_word' id='word_1_105' title='bbox 1255 1935 1364 1996; x_wconf 89' lang='lat' dir='ltr'><strong>eisdem</strong></span> 
     </span>
    </p>
   </div>
   <div class='ocr_carea' id='block_1_8' title="bbox 209 2013 1367 3392">
    <p class='ocr_par' dir='ltr' id='par_1_8' title="bbox 209 2013 1367 3392">
     <span class='ocr_line' id='line_1_18' title="bbox 268 2013 1367 2093; baseline 0.001 -17"><span class='ocrx_word' id='word_1_106' title='bbox 268 2015 445 2076; x_wconf 74' lang='lat' dir='ltr'><strong>monialibus</strong></span> <span class='ocrx_word' id='word_1_107' title='bbox 470 2014 633 2092; x_wconf 85' lang='lat' dir='ltr'><strong>perfidem</strong></span> <span class='ocrx_word' id='word_1_108' title='bbox 659 2013 867 2074; x_wconf 70' lang='lat' dir='ltr'><strong>recordacionis</strong></span> <span class='ocrx_word' id='word_1_109' title='bbox 895 2013 1030 2091; x_wconf 80' lang='lat' dir='ltr'><strong>Hugonis</strong></span> <span class='ocrx_word' id='word_1_110' title='bbox 1057 2014 1206 2093; x_wconf 81' lang='lat' dir='ltr'><strong>quondum</strong></span> <span class='ocrx_word' id='word_1_111' title='bbox 1233 2015 1367 2078; x_wconf 87' lang='lat' dir='ltr'><strong>Lincoln&#39;</strong></span> 
     </span>
     <span class='ocr_line' id='line_1_19' title="bbox 209 2095 1366 2176; baseline -0.002 -17"><span class='ocrx_word' id='word_1_112' title='bbox 209 2129 215 2140; x_wconf 91' lang='lat'><strong>·</strong></span> <span class='ocrx_word' id='word_1_113' title='bbox 269 2097 397 2176; x_wconf 91' lang='lat' dir='ltr'><strong>episcopi</strong></span> <span class='ocrx_word' id='word_1_114' title='bbox 416 2097 449 2156; x_wconf 92' lang='lat' dir='ltr'><strong>in</strong></span> <span class='ocrx_word' id='word_1_115' title='bbox 468 2095 599 2174; x_wconf 85' lang='lat' dir='ltr'><strong>proprios</strong></span> <span class='ocrx_word' id='word_1_116' title='bbox 620 2113 690 2154; x_wconf 88' lang='lat' dir='ltr'><strong>usus</strong></span> <span class='ocrx_word' id='word_1_117' title='bbox 716 2112 848 2154; x_wconf 88' lang='lat' dir='ltr'><strong>concesse</strong></span> <span class='ocrx_word' id='word_1_118' title='bbox 874 2099 904 2155; x_wconf 91' lang='lat' dir='ltr'><strong>et</strong></span> <span class='ocrx_word' id='word_1_119' title='bbox 931 2096 1121 2173; x_wconf 75' lang='lat' dir='ltr'><strong>appropriate,</strong></span> <span class='ocrx_word' id='word_1_120' title='bbox 1146 2114 1219 2172; x_wconf 80' lang='lat' dir='ltr'><strong>quus</strong></span> <span class='ocrx_word' id='word_1_121' title='bbox 1247 2097 1366 2175; x_wconf 88' lang='lat' dir='ltr'><strong>quidem</strong></span> 
     </span>
     <span class='ocr_line' id='line_1_20' title="bbox 269 2175 1367 2254; baseline 0 -14"><span class='ocrx_word' id='word_1_122' title='bbox 269 2179 482 2240; x_wconf 78' lang='lat' dir='ltr'><strong>concessionem</strong></span> <span class='ocrx_word' id='word_1_123' title='bbox 501 2183 532 2236; x_wconf 84' lang='lat' dir='ltr'><strong>et</strong></span> <span class='ocrx_word' id='word_1_124' title='bbox 551 2175 815 2254; x_wconf 79' lang='lat' dir='ltr'><strong>appropriscionem</strong></span> <span class='ocrx_word' id='word_1_125' title='bbox 835 2175 992 2253; x_wconf 82' lang='lat' dir='ltr'><strong>Philippus</strong></span> <span class='ocrx_word' id='word_1_126' title='bbox 1013 2180 1084 2236; x_wconf 85' lang='lat' dir='ltr'><strong>tnnc</strong></span> <span class='ocrx_word' id='word_1_127' title='bbox 1108 2176 1244 2238; x_wconf 85' lang='lat' dir='ltr'><strong>Csntner’</strong></span> <span class='ocrx_word' id='word_1_128' title='bbox 1265 2179 1367 2240; x_wconf 86' lang='lat' dir='ltr'><strong>Archi·</strong></span> 
     </span>
     <span class='ocr_line' id='line_1_21' title="bbox 268 2256 1366 2339; baseline -0.003 -18"><span class='ocrx_word' id='word_1_129' title='bbox 268 2262 420 2339; x_wconf 85' lang='lat' dir='ltr'><strong>epiecopus</strong></span> <span class='ocrx_word' id='word_1_130' title='bbox 439 2264 511 2320; x_wconf 85' lang='lat' dir='ltr'><strong>tnnc</strong></span> <span class='ocrx_word' id='word_1_131' title='bbox 524 2259 557 2324; x_wconf 83' lang='lat' dir='ltr'><strong>iu</strong></span> <span class='ocrx_word' id='word_1_132' title='bbox 570 2256 701 2336; x_wconf 82' lang='lat' dir='ltr'><strong>pertibus</strong></span> <span class='ocrx_word' id='word_1_133' title='bbox 713 2257 773 2316; x_wconf 92' lang='lat' dir='ltr'><strong>illie</strong></span> <span class='ocrx_word' id='word_1_134' title='bbox 786 2256 863 2316; x_wconf 88' lang='lat' dir='ltr'><strong>sedis</strong></span> <span class='ocrx_word' id='word_1_135' title='bbox 876 2256 1031 2334; x_wconf 76' lang='lat' dir='ltr'><strong>apostolice</strong></span> <span class='ocrx_word' id='word_1_136' title='bbox 1044 2257 1155 2336; x_wconf 74' lang='lat' dir='ltr'><strong>legebus</strong></span> <span class='ocrx_word' id='word_1_137' title='bbox 1176 2258 1366 2335; x_wconf 78' lang='lat' dir='ltr'><strong>confinmsvit,</strong></span> 
     </span>
     <span class='ocr_line' id='line_1_22' title="bbox 267 2337 1367 2418; baseline -0.002 -16"><span class='ocrx_word' id='word_1_138' title='bbox 267 2341 533 2418; x_wconf 78' lang='lat' dir='ltr'><strong>subsequenterque</strong></span> <span class='ocrx_word' id='word_1_139' title='bbox 571 2339 706 2398; x_wconf 90' lang='lat' dir='ltr'><strong>dominus</strong></span> <span class='ocrx_word' id='word_1_140' title='bbox 736 2337 869 2398; x_wconf 87' lang='lat' dir='ltr'><strong>Lincoln&#39;</strong></span> <span class='ocrx_word' id='word_1_141' title='bbox 903 2337 1064 2416; x_wconf 87' lang='lat' dir='ltr'><strong>episcopus,</strong></span> <span class='ocrx_word' id='word_1_142' title='bbox 1097 2339 1222 2416; x_wconf 78' lang='lat' dir='ltr'><strong>predicti</strong></span> <span class='ocrx_word' id='word_1_143' title='bbox 1254 2340 1367 2400; x_wconf 88' lang='lat' dir='ltr'><strong>domini</strong></span> 
     </span>
     <span class='ocr_line' id='line_1_23' title="bbox 267 2419 1366 2499; baseline -0.002 -16"><span class='ocrx_word' id='word_1_144' title='bbox 267 2421 399 2483; x_wconf 85' lang='lat' dir='ltr'><strong>Lincoln’</strong></span> <span class='ocrx_word' id='word_1_145' title='bbox 420 2439 572 2494; x_wconf 85' lang='lat' dir='ltr'><strong>successor,</strong></span> <span class='ocrx_word' id='word_1_146' title='bbox 593 2437 730 2480; x_wconf 74' lang='lat' dir='ltr'><strong>revocans</strong></span> <span class='ocrx_word' id='word_1_147' title='bbox 749 2419 829 2496; x_wconf 90' lang='lat' dir='ltr'><strong>qnod</strong></span> <span class='ocrx_word' id='word_1_148' title='bbox 856 2419 1037 2498; x_wconf 88' lang='lat' dir='ltr'><strong>predecessor</strong></span> <span class='ocrx_word' id='word_1_149' title='bbox 1056 2438 1127 2480; x_wconf 91' lang='lat' dir='ltr'><strong>snus</strong></span> <span class='ocrx_word' id='word_1_150' title='bbox 1153 2421 1267 2496; x_wconf 83' lang='lat' dir='ltr'><strong>feceret,</strong></span> <span class='ocrx_word' id='word_1_151' title='bbox 1287 2421 1366 2499; x_wconf 83' lang='lat' dir='ltr'><strong>ipses</strong></span> 
     </span>
     <span class='ocr_line' id='line_1_24' title="bbox 268 2500 1366 2583; baseline -0.003 -18"><span class='ocrx_word' id='word_1_152' title='bbox 268 2504 340 2565; x_wconf 85' lang='lat' dir='ltr'><strong>dues</strong></span> <span class='ocrx_word' id='word_1_153' title='bbox 359 2507 455 2583; x_wconf 80' lang='lat' dir='ltr'><strong>portes</strong></span> <span class='ocrx_word' id='word_1_154' title='bbox 474 2502 590 2562; x_wconf 80' lang='lat' dir='ltr'><strong>cnidum</strong></span> <span class='ocrx_word' id='word_1_155' title='bbox 609 2501 711 2561; x_wconf 85' lang='lat' dir='ltr'><strong>clerico</strong></span> <span class='ocrx_word' id='word_1_156' title='bbox 737 2519 790 2562; x_wconf 90' lang='lat' dir='ltr'><strong>suo</strong></span> <span class='ocrx_word' id='word_1_157' title='bbox 817 2500 952 2574; x_wconf 82' lang='lat' dir='ltr'><strong>contulit,</strong></span> <span class='ocrx_word' id='word_1_158' title='bbox 979 2505 1009 2562; x_wconf 89' lang='lat' dir='ltr'><strong>et</strong></span> <span class='ocrx_word' id='word_1_159' title='bbox 1035 2501 1133 2580; x_wconf 89' lang='lat' dir='ltr'><strong>ipsum</strong></span> <span class='ocrx_word' id='word_1_160' title='bbox 1160 2502 1314 2562; x_wconf 76' lang='lat' dir='ltr'><strong>investivit</strong></span> <span class='ocrx_word' id='word_1_161' title='bbox 1333 2503 1366 2562; x_wconf 89' lang='lat' dir='ltr'><strong>in</strong></span> 
     </span>
     <span class='ocr_line' id='line_1_25' title="bbox 267 2581 1365 2659; baseline -0.003 -12"><span class='ocrx_word' id='word_1_162' title='bbox 267 2586 384 2647; x_wconf 89' lang='lat' dir='ltr'><strong>eisdem.</strong></span> <span class='ocrx_word' id='word_1_163' title='bbox 426 2585 555 2644; x_wconf 81' lang='lat' dir='ltr'><strong>Tandem</strong></span> <span class='ocrx_word' id='word_1_164' title='bbox 575 2587 654 2642; x_wconf 82' lang='lat' dir='ltr'><strong>motu</strong></span> <span class='ocrx_word' id='word_1_165' title='bbox 673 2583 825 2659; x_wconf 87' lang='lat' dir='ltr'><strong>questione</strong></span> <span class='ocrx_word' id='word_1_166' title='bbox 836 2582 915 2642; x_wconf 85' lang='lat' dir='ltr'><strong>inter</strong></span> <span class='ocrx_word' id='word_1_167' title='bbox 933 2581 1026 2642; x_wconf 84' lang='lat' dir='ltr'><strong>dictus</strong></span> <span class='ocrx_word' id='word_1_168' title='bbox 1045 2583 1184 2643; x_wconf 70' lang='lat' dir='ltr'><strong>moniales</strong></span> <span class='ocrx_word' id='word_1_169' title='bbox 1203 2587 1234 2643; x_wconf 90' lang='lat' dir='ltr'><strong>et</strong></span> <span class='ocrx_word' id='word_1_170' title='bbox 1253 2583 1365 2644; x_wconf 83' lang='lat' dir='ltr'><strong>dictum</strong></span> 
     </span>
     <span class='ocr_line' id='line_1_26' title="bbox 268 2663 1367 2744; baseline -0.004 -16"><span class='ocrx_word' id='word_1_171' title='bbox 268 2667 404 2728; x_wconf 83' lang='lat' dir='ltr'><strong>clericum</strong></span> <span class='ocrx_word' id='word_1_172' title='bbox 417 2685 504 2744; x_wconf 86' lang='lat' dir='ltr'><strong>super</strong></span> <span class='ocrx_word' id='word_1_173' title='bbox 516 2665 603 2724; x_wconf 90' lang='lat' dir='ltr'><strong>dictis</strong></span> <span class='ocrx_word' id='word_1_174' title='bbox 616 2663 729 2723; x_wconf 79' lang='lat' dir='ltr'><strong>duobus</strong></span> <span class='ocrx_word' id='word_1_175' title='bbox 742 2664 875 2741; x_wconf 84' lang='lat' dir='ltr'><strong>pertibus</strong></span> <span class='ocrx_word' id='word_1_176' title='bbox 894 2681 990 2723; x_wconf 82' lang='lat' dir='ltr'><strong>corum</strong></span> <span class='ocrx_word' id='word_1_177' title='bbox 1010 2664 1095 2723; x_wconf 90' lang='lat' dir='ltr'><strong>certis</strong></span> <span class='ocrx_word' id='word_1_178' title='bbox 1114 2665 1192 2724; x_wconf 87' lang='lat' dir='ltr'><strong>sedis</strong></span> <span class='ocrx_word' id='word_1_179' title='bbox 1211 2665 1367 2743; x_wconf 79' lang='lat' dir='ltr'><strong>apostolice</strong></span> 
     </span>
     <span class='ocr_line' id='line_1_27' title="bbox 268 2745 1366 2828; baseline -0.003 -19"><span class='ocrx_word' id='word_1_180' title='bbox 268 2749 406 2828; x_wconf 83' lang='lat' dir='ltr'><strong>delegetis</strong></span> <span class='ocrx_word' id='word_1_181' title='bbox 418 2749 477 2827; x_wconf 89' lang='lat' dir='ltr'><strong>ipsi</strong></span> <span class='ocrx_word' id='word_1_182' title='bbox 490 2745 615 2823; x_wconf 71' lang='lat' dir='ltr'><strong>delegati</strong></span> <span class='ocrx_word' id='word_1_183' title='bbox 623 2745 701 2823; x_wconf 80' lang='lat' dir='ltr'><strong>ipses</strong></span> <span class='ocrx_word' id='word_1_184' title='bbox 712 2745 783 2804; x_wconf 87' lang='lat' dir='ltr'><strong>dues</strong></span> <span class='ocrx_word' id='word_1_185' title='bbox 792 2749 889 2822; x_wconf 79' lang='lat' dir='ltr'><strong>portes</strong></span> <span class='ocrx_word' id='word_1_186' title='bbox 901 2745 1022 2822; x_wconf 85' lang='lat' dir='ltr'><strong>profetis</strong></span> <span class='ocrx_word' id='word_1_187' title='bbox 1034 2745 1209 2806; x_wconf 77' lang='lat' dir='ltr'><strong>monialibus</strong></span> <span class='ocrx_word' id='word_1_188' title='bbox 1223 2765 1274 2822; x_wconf 90' lang='lat' dir='ltr'><strong>per</strong></span> <span class='ocrx_word' id='word_1_189' title='bbox 1283 2765 1366 2806; x_wconf 85' lang='lat' dir='ltr'><strong>suem</strong></span> 
     </span>
     <span class='ocr_line' id='line_1_28' title="bbox 267 2825 1367 2902; baseline -0.001 -12"><span class='ocrx_word' id='word_1_190' title='bbox 267 2831 443 2890; x_wconf 90' lang='lat' dir='ltr'><strong>sentencism</strong></span> <span class='ocrx_word' id='word_1_191' title='bbox 456 2827 643 2888; x_wconf 80' lang='lat' dir='ltr'><strong>diffinitivum</strong></span> <span class='ocrx_word' id='word_1_192' title='bbox 656 2825 895 2902; x_wconf 73' lang='lat' dir='ltr'><strong>adjudicaverunt</strong></span> <span class='ocrx_word' id='word_1_193' title='bbox 908 2845 985 2885; x_wconf 82' lang='lat' dir='ltr'><strong>enno</strong></span> <span class='ocrx_word' id='word_1_194' title='bbox 999 2826 1111 2886; x_wconf 93' lang='lat' dir='ltr'><strong>domini</strong></span> <span class='ocrx_word' id='word_1_195' title='bbox 1127 2826 1206 2886; x_wconf 88' lang='lat' dir='ltr'><strong>mill⁰</strong></span> <span class='ocrx_word' id='word_1_196' title='bbox 1215 2825 1303 2888; x_wconf 67' lang='lat'>00¹³⁰</span> <span class='ocrx_word' id='word_1_197' title='bbox 1313 2827 1367 2889; x_wconf 77' lang='lat' dir='ltr'><strong>xlv</strong></span> 
     </span>
     <span class='ocr_line' id='line_1_29' title="bbox 267 2907 1366 2985; baseline -0.002 -15"><span class='ocrx_word' id='word_1_198' title='bbox 267 2929 365 2970; x_wconf 91' lang='lat' dir='ltr'><strong>mense</strong></span> <span class='ocrx_word' id='word_1_199' title='bbox 378 2909 555 2982; x_wconf 89' lang='lat' dir='ltr'><strong>Decembris,</strong></span> <span class='ocrx_word' id='word_1_200' title='bbox 570 2926 628 2985; x_wconf 88' lang='lat' dir='ltr'><strong>que</strong></span> <span class='ocrx_word' id='word_1_201' title='bbox 647 2907 765 2985; x_wconf 85' lang='lat' dir='ltr'><strong>quidem</strong></span> <span class='ocrx_word' id='word_1_202' title='bbox 784 2907 932 2966; x_wconf 78' lang='lat' dir='ltr'><strong>sentencie</strong></span> <span class='ocrx_word' id='word_1_203' title='bbox 948 2911 1015 2984; x_wconf 88' lang='lat' dir='ltr'><strong>post</strong></span> <span class='ocrx_word' id='word_1_204' title='bbox 1027 2907 1148 2968; x_wconf 87' lang='lat' dir='ltr'><strong>modum</strong></span> <span class='ocrx_word' id='word_1_205' title='bbox 1160 2927 1212 2984; x_wconf 86' lang='lat' dir='ltr'><strong>per</strong></span> <span class='ocrx_word' id='word_1_206' title='bbox 1223 2907 1366 2968; x_wconf 88' lang='lat' dir='ltr'><strong>Innocen-</strong></span> 
     </span>
     <span class='ocr_line' id='line_1_30' title="bbox 267 2987 1364 3069; baseline -0.003 -18"><span class='ocrx_word' id='word_1_207' title='bbox 267 2993 343 3051; x_wconf 85' lang='lat' dir='ltr'><strong>tium</strong></span> <span class='ocrx_word' id='word_1_208' title='bbox 356 3010 461 3069; x_wconf 80' lang='lat' dir='ltr'><strong>popum</strong></span> <span class='ocrx_word' id='word_1_209' title='bbox 474 2995 609 3067; x_wconf 71' lang='lat' dir='ltr'><strong>quartum</strong></span> <span class='ocrx_word' id='word_1_210' title='bbox 621 2989 722 3048; x_wconf 86' lang='lat' dir='ltr'><strong>extitit</strong></span> <span class='ocrx_word' id='word_1_211' title='bbox 734 2988 901 3048; x_wconf 79' lang='lat' dir='ltr'><strong>confirmate</strong></span> <span class='ocrx_word' id='word_1_212' title='bbox 913 2991 1000 3064; x_wconf 85' lang='lat' dir='ltr'><strong>prout</strong></span> <span class='ocrx_word' id='word_1_213' title='bbox 1013 2987 1045 3047; x_wconf 90' lang='lat' dir='ltr'><strong>in</strong></span> <span class='ocrx_word' id='word_1_214' title='bbox 1055 2988 1137 3048; x_wconf 81' lang='lat' dir='ltr'><strong>bulla</strong></span> <span class='ocrx_word' id='word_1_215' title='bbox 1146 3007 1198 3047; x_wconf 88' lang='lat' dir='ltr'><strong>sus</strong></span> <span class='ocrx_word' id='word_1_216' title='bbox 1207 2989 1364 3065; x_wconf 76' lang='lat' dir='ltr'><strong>apostolice</strong></span> 
     </span>
     <span class='ocr_line' id='line_1_31' title="bbox 267 3069 1362 3149; baseline -0.002 -18"><span class='ocrx_word' id='word_1_217' title='bbox 267 3072 304 3132; x_wconf 92' lang='lat' dir='ltr'><strong>de</strong></span> <span class='ocrx_word' id='word_1_218' title='bbox 317 3071 375 3131; x_wconf 85' lang='lat' dir='ltr'><strong>dct’</strong></span> <span class='ocrx_word' id='word_1_219' title='bbox 389 3071 523 3148; x_wconf 76' lang='lat' dir='ltr'><strong>Lugdun&#39;</strong></span> <span class='ocrx_word' id='word_1_220' title='bbox 536 3090 558 3129; x_wconf 85' lang='lat' dir='ltr'>x</span> <span class='ocrx_word' id='word_1_221' title='bbox 570 3069 686 3130; x_wconf 84' lang='lat' dir='ltr'><strong>lrclend’</strong></span> <span class='ocrx_word' id='word_1_222' title='bbox 706 3069 818 3149; x_wconf 84' lang='lat' dir='ltr'><strong>Aprilis</strong></span> <span class='ocrx_word' id='word_1_223' title='bbox 838 3069 1023 3146; x_wconf 78' lang='lat' dir='ltr'><strong>pontificatus</strong></span> <span class='ocrx_word' id='word_1_224' title='bbox 1043 3070 1089 3129; x_wconf 91' lang='lat' dir='ltr'><strong>sui</strong></span> <span class='ocrx_word' id='word_1_225' title='bbox 1102 3088 1178 3129; x_wconf 87' lang='lat' dir='ltr'><strong>enno</strong></span> <span class='ocrx_word' id='word_1_226' title='bbox 1193 3069 1260 3146; x_wconf 74' lang='lat' dir='ltr'><strong>vij0,</strong></span> <span class='ocrx_word' id='word_1_227' title='bbox 1273 3089 1291 3129; x_wconf 84' lang='lat' dir='ltr'><strong>c</strong></span> <span class='ocrx_word' id='word_1_228' title='bbox 1304 3088 1362 3147; x_wconf 90' lang='lat' dir='ltr'><strong>quo</strong></span> 
     </span>
     <span class='ocr_line' id='line_1_32' title="bbox 266 3149 1362 3231; baseline -0.001 -19"><span class='ocrx_word' id='word_1_229' title='bbox 266 3158 395 3231; x_wconf 89' lang='lat' dir='ltr'><strong>tempore</strong></span> <span class='ocrx_word' id='word_1_230' title='bbox 415 3152 514 3212; x_wconf 89' lang='lat' dir='ltr'><strong>eedem</strong></span> <span class='ocrx_word' id='word_1_231' title='bbox 533 3150 673 3210; x_wconf 87' lang='lat' dir='ltr'><strong>monislcs</strong></span> <span class='ocrx_word' id='word_1_232' title='bbox 692 3154 849 3209; x_wconf 84' lang='lat' dir='ltr'><strong>tenuerunt</strong></span> <span class='ocrx_word' id='word_1_233' title='bbox 870 3149 961 3209; x_wconf 84' lang='lat' dir='ltr'><strong>dictes</strong></span> <span class='ocrx_word' id='word_1_234' title='bbox 981 3149 1054 3209; x_wconf 88' lang='lat' dir='ltr'><strong>dues</strong></span> <span class='ocrx_word' id='word_1_235' title='bbox 1072 3155 1168 3228; x_wconf 80' lang='lat' dir='ltr'><strong>pestes</strong></span> <span class='ocrx_word' id='word_1_236' title='bbox 1181 3151 1213 3210; x_wconf 93' lang='lat' dir='ltr'><strong>in</strong></span> <span class='ocrx_word' id='word_1_237' title='bbox 1230 3151 1362 3229; x_wconf 84' lang='lat' dir='ltr'><strong>proprios</strong></span> 
     </span>
     <span class='ocr_line' id='line_1_33' title="bbox 266 3226 1359 3311; baseline -0.002 -17"><span class='ocrx_word' id='word_1_238' title='bbox 266 3253 336 3295; x_wconf 89' lang='lat' dir='ltr'><strong>usus</strong></span> <span class='ocrx_word' id='word_1_239' title='bbox 355 3233 449 3311; x_wconf 83' lang='lat' dir='ltr'><strong>liquet</strong></span> <span class='ocrx_word' id='word_1_240' title='bbox 468 3231 619 3291; x_wconf 77' lang='lat' dir='ltr'><strong>manifeste</strong></span> <span class='ocrx_word' id='word_1_241' title='bbox 640 3226 762 3311; x_wconf 76' lang='lat' dir='ltr'><strong>[quodi]</strong></span> <span class='ocrx_word' id='word_1_242' title='bbox 781 3230 864 3289; x_wconf 87' lang='lat' dir='ltr'><strong>nulls</strong></span> <span class='ocrx_word' id='word_1_243' title='bbox 887 3234 932 3289; x_wconf 83' lang='lat' dir='ltr'><strong>est</strong></span> <span class='ocrx_word' id='word_1_244' title='bbox 957 3229 1066 3290; x_wconf 90' lang='lat' dir='ltr'><strong>ibidem</strong></span> <span class='ocrx_word' id='word_1_245' title='bbox 1093 3230 1225 3292; x_wconf 70' lang='lat' dir='ltr'><strong>ordinate</strong></span> <span class='ocrx_word' id='word_1_246' title='bbox 1245 3231 1359 3292; x_wconf 76' lang='lat' dir='ltr'><strong>viceris</strong></span> 
     </span>
     <span class='ocr_line' id='line_1_34' title="bbox 268 3311 791 3392; baseline -0.008 -18"><span class='ocrx_word' id='word_1_247' title='bbox 268 3315 331 3375; x_wconf 88' lang='lat' dir='ltr'><strong>Hcc</strong></span> <span class='ocrx_word' id='word_1_248' title='bbox 344 3333 396 3392; x_wconf 87' lang='lat' dir='ltr'><strong>per</strong></span> <span class='ocrx_word' id='word_1_249' title='bbox 409 3313 546 3376; x_wconf 83' lang='lat' dir='ltr'><strong>Colstone</strong></span> <span class='ocrx_word' id='word_1_250' title='bbox 560 3311 791 3389; x_wconf 79' lang='lat' dir='ltr'><strong>Registretorem.</strong></span> 
     </span>
    </p>
   </div>
   <div class='ocr_carea' id='block_1_9' title="bbox 530 3439 1100 3492">
    <p class='ocr_par' dir='ltr' id='par_1_9' title="bbox 530 3439 1100 3492">
     <span class='ocr_line' id='line_1_35' title="bbox 530 3439 1100 3492; baseline -0.005 -7"><span class='ocrx_word' id='word_1_251' title='bbox 530 3439 1100 3492; x_wconf 64' lang='lat' dir='ltr'><strong>*munchusenmutscmslsmelstmm</strong></span> 
     </span>
    </p>
   </div>
   <div class='ocr_carea' id='block_1_10' title="bbox 0 0 1636 5096">
    <p class='ocr_par' dir='ltr' id='par_1_10' title="bbox 0 0 1636 5096">
     <span class='ocr_line' id='line_1_36' title="bbox 0 0 1636 5096; baseline 0 0"><span class='ocrx_word' id='word_1_252' title='bbox 0 0 1636 5096; x_wconf 95' lang='lat' dir='ltr'><strong> </strong></span> 
     </span>
    </p>
   </div>
  </div>
 </body>
</html>
