3258 5096
642 501 799 558 auteurs
822 501 947 558 wmrs.
1303 477 1345 552 89

247 655 325 716 curia
339 657 369 715 et
382 673 447 714 cum
461 653 573 730 virgata
585 655 660 711 terre
670 655 700 712 et
712 651 834 710 dimidia
847 651 885 710 ad
895 651 1003 711 dictam
1017 645 1164 710 ecclesiam
1177 651 1347 727 pertinenti

246 738 302 798 bus
327 736 462 796 similiter
488 752 554 793 oum
581 737 657 792 terra
683 751 772 810 quam
799 731 941 792 Ricardus
967 731 1098 792 Maufras
1121 732 1218 792 tenuit
1238 733 1275 792 de
1295 733 1355 793 W.'

247 817 395 896 quondam
417 833 539 893 persona
561 814 639 873 dicte
662 814 787 873 ecclesie.
830 813 971 874 Canonici
994 831 1063 872 vero
1086 811 1237 872 habebunt
1260 813 1347 874 aliern

248 899 356 958 curiam
380 897 497 958 ecclesie
523 913 590 956 cum
617 894 763 970 mesuagio
790 895 878 954 unius
904 894 973 954 rode
999 898 1075 952 terre
1100 893 1180 970 quod
1200 893 1288 971 Hugo
1310 895 1347 956 (16

249 979 352 1041 Cravl'
378 978 474 1038 tenuit
501 981 531 1036 et
560 977 593 1036 in
626 975 922 1052 recompensacionem
955 973 1086 1052 altaragii
1112 977 1143 1034 61
1169 974 1347 1036 minutarum

248 1061 424 1120 decimarum
448 1063 478 1118 61
500 1063 575 1118 terre
598 1061 628 1116 61
652 1057 729 1116 curie
752 1055 790 1115 ed
809 1075 945 1133 personas
960 1055 1172 1133 pertinencium
1188 1057 1348 1134 percipiant

248 1142 306 1219 ipsi
325 1140 456 1200 canonici
475 1139 601 1200 decimas
621 1137 773 1214 garbarum
793 1137 830 1196 (16
853 1141 917 1196 tcto
936 1137 1022 1196 feodo
1036 1135 1158 1195 Roberti
1178 1137 1215 1195 (16
1235 1136 1348 1215 Saucey

248 1220 579 1300 qnodhabetinYkele.
615 1218 724 1279 Omnes
733 1222 832 1278 antem
842 1218 967 1281 decimas
977 1216 1362 1295 garberumadprodictam.

249 1303 397 1363 ecclesiam
407 1303 585 1380 pertinentes
593 1305 689 1380 preter
698 1317 787 1376 qnam
797 1299 922 1359 decimas
932 1299 1075 1376 predictas
1085 1296 1122 1357 de
1131 1299 1217 1358 feodo
1227 1299 1349 1360 Robcrti

249 1383 286 1444 (16
307 1384 427 1461 Savcey
446 1383 525 1461 quod
548 1381 638 1442 habet
658 1382 691 1440 in
711 1380 806 1440 erele
829 1381 952 1458 predicti
974 1381 1053 1456 prior
1079 1385 1110 1439 et
1132 1385 1295 1440 conventus
1319 1385 1349 1440 61

249 1483 371 1542 persona
394 1471 424 1524 et
446 1481 620 1524 successores
642 1463 689 1522 sui
711 1463 789 1522 inter
811 1481 842 1521 se
863 1462 949 1538 plene
962 1466 993 1520 ct
1005 1460 1130 1520 fideliter
1142 1461 1347 1522 dimidiabunt.

250 1546 289 1604 In
314 1564 402 1623 super
428 1563 599 1623 quecunque
625 1543 762 1620 deinceps
788 1543 937 1620 adquirere
963 1547 1101 1620 poterunt
1126 1547 1274 1618 tamquam
1298 1543 1349 1620 jus

251 1631 281 1686 61
304 1627 497 1704 pertinencias
521 1625 637 1686 ecclesie
660 1628 814 1684 memorate
838 1626 915 1683 inter
938 1623 1126 1703 assimiliter
1152 1623 1346 1686 dimidiantes.

250 1707 298 1766 De
324 1707 460 1768 oneribus
486 1725 554 1767 varo
577 1706 655 1766 dicte
678 1705 796 1765 ecclesie
818 1705 861 1766 ita
884 1706 1033 1782 provisum
1056 1709 1101 1764 est
1127 1703 1207 1782 quod
1229 1725 1350 1782 persone

250 1789 410 1849 successive
432 1789 465 1848 in
489 1807 522 1848 ea
544 1787 724 1847 instituenda
747 1791 807 1846 tres
829 1786 938 1846 solidos
958 1803 1070 1845 annuos
1092 1803 1144 1862 pro
1170 1787 1351 1846 sinodalibus

251 1870 374 1930 solvent
418 1870 521 1931 Cetera
533 1887 602 1930 vero
616 1887 702 1928 onera
712 1873 773 1927 tam
782 1867 1023 1928 archidiaconalia
1032 1885 1119 1943 quam
1129 1867 1186 1926 alia
1195 1867 1233 1926 ad
1243 1868 1352 1928 dictam

252 1951 400 2011 ecclesiam
413 1951 575 2028 spectancia
588 1949 661 2010 dicti
674 1949 816 2010 Canonici
829 1953 859 2008 et
872 1967 992 2026 persone
1006 1948 1146 2026 equaliter
1155 1948 1350 2009 sustinebunt.

253 2031 396 2092 Salvisin
409 2031 544 2091 omnibus
558 2029 608 2091 &a
652 2030 692 2089 Et
711 2034 746 2089 ut
765 2030 820 2090 hec
840 2035 939 2090 nostra
959 2030 1105 2090 concessio
1123 2027 1175 2089 dcc.
1217 2030 1352 2090 Testibus

253 2118 284 2172 et
296 2112 365 2173 Dat'
379 2118 413 2173 ut
427 2131 514 2191 supra
527 2117 605 2172 carta
617 2111 757 2189 proxima

315 2273 1056 2416 11111111118611111118631111111111111166
1069 2352 1106 2412 de
1115 2371 1233 2414 assensu
1247 2353 1353 2433 Rogeri

254 2435 367 2496 Dscani
390 2440 420 2495 et
444 2436 576 2514 Capituli
598 2435 691 2496 nostri
710 2435 793 2494 Linc'
806 2435 907 2495 divine
927 2435 1045 2512 pietatis
1064 2435 1176 2495 intuitu
1189 2435 1303 2495 dedisse
1322 2441 1353 2496 et

255 2515 427 2578 concessisse
454 2517 569 2577 dilectis
595 2518 629 2576 in
655 2516 772 2578 Christo
801 2516 917 2576 filiabus
951 2515 1090 2576 Pricriese
1122 2522 1152 2576 et
1185 2517 1352 2578 Conventni

255 2599 431 2658 Monialium
443 2597 481 2658 de
493 2597 690 2676 Alvingebam
703 2597 814 2658 ordinis
827 2599 863 2657 de
885 2597 1110 2675 Sempingeham
1122 2602 1180 2658 tres
1194 2617 1303 2658 marcas
1316 2599 1353 2658 de

255 2680 375 2740 ecclesia
397 2679 434 2738 de
458 2679 695 2758 Cermundtborp
718 2683 785 2756 post
806 2677 955 2740 decessum
978 2679 1079 2738 dilecti
1099 2679 1133 2738 in
1162 2677 1280 2740 Christo
1299 2679 1355 2739 filii

256 2761 376 2821 Radulfi
402 2761 438 2820 de
465 2760 615 2820 Waravill'
642 2779 762 2838 persone
788 2760 869 2820 illius
895 2760 1013 2820 ecclesie
1039 2779 1096 2836 que
1122 2760 1159 2819 de
1185 2779 1283 2821 earum
1310 2766 1356 2820 est

256 2841 448 2902 advocacione
471 2841 623 2900 annuatim
646 2841 764 2900 nomine
791 2843 924 2919 perpetui
951 2841 989 2900 ad
1015 2841 1173 2918 pitanciam
1200 2841 1356 2901 earundem

257 2921 432 2981 Monialium
445 2923 643 3015 percipiendas
656 2923 689 2980 in
702 2923 777 3016 festo
790 2922 821 2982 S.
837 2922 1055 3016 Michaelislper
1074 2941 1178 3016 manus
1199 2923 1291 2999 ipsius
1304 2925 1357 3000 qui

257 3007 382 3142 11111
383 3003 719 3144 1111111111
731 3003 897 3142 mittit.
916 3002 1303 3159 {intuitui
1316 3004 1357 3145 11

257 3181 344 3241 supra
357 3163 390 3222 in
403 3167 480 3222 curta
494 3165 695 3223 canonicorum
709 3163 746 3223 de
760 3163 946 3223 Huntindon’
959 3181 1045 3239 super
1064 3163 1219 3224 medietate
1239 3165 1356 3226 ecclesie

258 3244 295 3303 de
316 3241 399 3304 Stolr’
419 3245 547 3320 exceptis
567 3245 614 3303 bis
634 3243 670 3304 R.
686 3243 868 3320 Norbampt’‚
890 3250 919 3304 at
939 3244 968 3304 J.
991 3243 1084 3304 Cxcn'
1098 3244 1147 3305 W.
1163 3244 1255 3304 Buck'
1269 3251 1298 3305 et
1318 3247 1354 3308 R.

259 3325 406 3384 Huntind’
430 3325 648 3400 archidiaconis,
670 3329 700 3384 et
721 3325 842 3401 adJ'ectis
865 3323 894 3384 J.
917 3325 954 3384 de
977 3323 1073 3398 Ebor'‚
1092 3324 1126 3386 P.
1152 3326 1189 3385 (16
1211 3327 1305 3402 Bath'‚
1326 3334 1357 3388 61

258 3406 400 3485 Magistro
413 3405 462 3465 W.
475 3405 512 3465 (16
525 3407 615 3467 Linc'.
651 3405 720 3465 Dat'
728 3425 780 3483 per
792 3424 896 3466 manus
909 3405 957 3467 W.
970 3405 1007 3466 de
1019 3405 1137 3466 Tornac'
1151 3407 1358 3472 archidiaconi

259 3487 355 3548 Stove
369 3487 448 3564 apud
461 3487 543 3548 Linc’
562 3489 595 3546 in
615 3487 742 3566 capitulo
762 3485 895 3547 Lincoln'
915 3487 989 3564 xviij
1004 3486 1061 3548 kal.
1083 3486 1158 3566 Julij
1173 3489 1359 3568 pontificatus

258 3569 351 3629 nostri
364 3587 441 3628 anno
457 3569 510 3630 ix0.

733 3645 796 3730 [Fe.
813 3645 887 3732 28⁸}

321 3753 465 3815 Omnibus
486 3753 599 3816 Christi
617 3753 754 3814 fidelibus
775 3753 826 3816 dcc.
857 3755 983 3816 Noverit
1003 3756 1177 3818 universitas
1197 3761 1292 3820 vestra
1305 3757 1357 3821 dcc.

259 3839 294 3896 ut
307 3854 394 3912 supra
407 3835 439 3895 in
452 3841 530 3896 carta
540 3835 640 3913 vicarij
655 3835 691 3895 de
700 3835 831 3897 Amcwic
844 3856 936 3915 usque
949 3841 1039 3898 ratam
1053 3839 1193 3900 habentes
1206 3846 1236 3900 61
1248 3845 1360 3918 gratam

260 3917 296 3976 (16
316 3935 435 3977 assensu
455 3917 561 3995 Rogcri
580 3917 693 3977 Decani
713 3921 743 3978 61
763 3918 894 3996 Capituli
909 3921 1003 3979 nostri
1015 3919 1097 3980 Linc'
1111 3940 1174 3980 eam
1188 3923 1359 3982 auctoritate

260 3999 416 4077 episcopali
439 3999 671 4059 confirmavimus
698 4004 727 4058 et
750 4001 878 4078 presenti
901 4006 977 4060 carto
1000 4001 1128 4078 sigillum
1147 4008 1280 4063 nostrum
1300 4023 1360 4064 una

260 4097 327 4138 cum
350 4079 445 4156 sigillo
469 4080 591 4157 predicti
617 4079 746 4158 Capituli
769 4083 863 4140 nostri
883 4079 965 4141 Linc'
985 4082 1126 4150 duximus
1144 4084 1357 4162 apponendum.

261 4159 357 4221 Salvis
377 4162 408 4220 in
429 4162 565 4222 omnibus
585 4161 636 4223 &a
679 4161 814 4222 Testibus
834 4163 946 4242 Rogare
966 4163 1093 4238 Decano,
1118 4163 1153 4224 G.
1179 4165 1359 4240 Precentore,

262 4241 374 4320 Rogare
388 4241 576 4317 Cancellario,
592 4243 631 4303 H.
644 4242 683 4305 dc
695 4241 725 4304 S.
737 4243 890 4317 Eduardo,
905 4243 1053 4322 Magistris
1065 4245 1116 4305 W.
1131 4245 1170 4306 fil’
1184 4245 1265 4306 Fulc'
1279 4253 1309 4307 et
1322 4247 1374 4310 Α..

262 4323 299 4383 (16
313 4323 343 4384 S.
358 4323 524 4397 Edmundo‚
540 4324 575 4384 R.
592 4323 629 4384 de
642 4325 779 4400 Bristoll',
794 4329 824 4386 et
836 4324 901 4385 aliis
915 4326 994 4386 utin
1013 4325 1143 4404 predicta
1163 4333 1240 4389 carta
1258 4329 1359 4412 vicarii¹

262 4404 393 4484 predicti,
408 4410 438 4466 et
454 4405 522 4467 Dat'
536 4406 643 4468 eadem.
