3258 5096
629 491 786 546 flvaorsss
808 493 932 548 WELLS.
1292 483 1334 544 85

234 659 303 700 usus
317 640 531 718 imperpetuum
544 643 637 702 totam
651 641 792 702 decimam
811 641 963 720 garbarum
982 641 1020 702 de
1032 640 1186 704 dominicis
1199 643 1335 722 Hugonis

234 722 270 781 de
286 721 396 781 Alneto
416 726 446 781 et
465 721 621 782 Willislmi
640 722 669 781 le
688 723 811 797 Mansel,
835 727 865 782 st
885 741 985 782 omnes
1004 723 1132 784 minutas
1153 724 1278 786 decimas
1299 728 1335 787 ds

234 803 313 862 curia
336 802 408 862 dicti
428 803 531 880 prioris
553 803 587 863 in
610 803 711 864 eadem
732 803 811 878 villa,
827 808 856 864 et
876 803 1061 864 medietatem
1079 805 1230 882 garbarum
1244 808 1335 868 totius

233 883 341 944 residui
367 884 498 961 eJusdem
526 883 670 963 parochie,
698 904 765 945 cum
791 885 967 946 tenementis
993 884 1149 946 Willielmi
1182 888 1219 946 de
1245 889 1333 964 Alno,

234 965 352 1025 Ricardi
375 965 517 1042 Bigebon,
545 970 575 1025 st
602 966 712 1026 Herusi
735 972 765 1026 et
789 965 894 1040 Sailde,
920 985 987 1026 oum
1014 967 1142 1027 serviciis
1168 970 1333 1030 eonmdem.

233 1046 388 1123 Reliquam
407 1065 476 1107 vero
496 1047 682 1107 medietatem
702 1047 833 1124 ejusdem
852 1048 970 1110 ecclesis
990 1047 1132 1109 Ricardus
1146 1048 1183 1108 de
1196 1049 1334 1112 Wicstun

233 1126 362 1200 clericus,
376 1146 463 1204 quem
486 1128 525 1187 sd
548 1147 648 1188 eorum
670 1129 917 1206 presentaeionem
940 1128 979 1188 ad
1002 1129 1124 1188 eandem
1150 1130 1335 1192 medietatem
1414 1139 1416 1144 '

233 1208 402 1268 admisimus
415 1213 445 1268 et
458 1210 490 1269 iu
504 1228 537 1269 ea
551 1227 702 1287 personam
715 1209 906 1284 instituimus,
917 1213 947 1270 st
960 1229 1135 1270 successores
1148 1211 1194 1270 sui
1207 1212 1292 1274 nobis
1306 1218 1335 1273 et

233 1289 444 1350 successoribus
457 1290 595 1351 nostrisa
611 1292 742 1368 predicto
762 1292 856 1368 priore
870 1295 899 1350 et
913 1296 1060 1352 conventu
1074 1291 1104 1352 S.
1119 1291 1151 1352 N
1151 1293 1210 1352 eoti
1224 1297 1340 1372 semper

234 1371 370 1447 quociens
384 1372 449 1448 ipsa
460 1372 601 1432 medietas
611 1373 756 1433 vacaverit
765 1373 952 1451 presentandi
962 1377 992 1432 et
1004 1372 1141 1432 oanomce
1151 1373 1335 1450 instituendi,

233 1452 344 1528 integre
357 1457 387 1512 et
399 1458 539 1531 perpetuo
552 1453 752 1530 possidebunt.
794 1453 859 1529 Qus
870 1453 989 1530 quidem
1002 1454 1142 1514 medietas
1156 1457 1290 1516 consistit
1303 1459 1335 1516 in

233 1536 296 1593 tota
319 1533 376 1592 alia
398 1534 554 1594 medietate
576 1536 729 1612 garbarum
752 1534 895 1613 parochie,
910 1539 940 1594 et
963 1535 996 1594 in
1016 1541 1079 1595 tcto
1093 1536 1238 1614 altsragio,
1253 1543 1283 1598 at
1301 1539 1335 1605 iu

232 1619 400 1675 tenemento
419 1615 576 1676 Willielmi
596 1615 736 1676 Monachi
756 1620 786 1674 st
805 1616 918 1676 Turbni
938 1620 968 1676 et
987 1617 1123 1692 Hugonis
1140 1617 1255 1680 Satoris
1269 1623 1334 1678 crim

233 1696 362 1756 serviciis
375 1697 540 1758 eorundem.
583 1697 769 1775 Masuagium
783 1698 873 1757 eciam
887 1715 953 1757 cum
967 1698 1088 1774 gardino
1102 1698 1181 1775 quod
1195 1699 1336 1777 Magister

233 1775 381 1836 Guarinus
400 1779 496 1838 tenuit
515 1777 553 1838 de
572 1779 765 1840 dominicos.
781 1779 877 1852 Neoti,
892 1778 967 1838 sicam
981 1798 1064 1838 muro
1080 1784 1110 1838 st
1123 1779 1231 1840 fossato
1245 1783 1336 1842 inclu-

233 1857 322 1930 ditur,
336 1864 539 1919 eoneesserunt
562 1858 658 1919 dictus
682 1859 762 1936 prior
783 1863 814 1919 et
836 1865 998 1920 conventus
1016 1859 1146 1936 predicto
1161 1861 1285 1922 Ricardo
1306 1868 1336 1924 at

233 1940 443 1999 successoribus
469 1941 530 2000 suis
556 1940 773 2018 imperpetuum
798 1940 982 2019 possidenda.
1033 1941 1167 2000 Preterea
1193 1942 1335 2004 decimam

233 2020 467 2080 molendinorum
496 2021 588 2098 ipsius
615 2021 750 2098 parochie
778 2026 808 2082 et
840 2023 961 2098 insuper
993 2040 1166 2100 quecunque
1199 2024 1335 2104 deinceps

233 2101 383 2178 adquirere
397 2104 532 2181 potuerit,
546 2107 696 2180 tamquam
711 2104 763 2179 jus
783 2107 812 2163 et
831 2103 1024 2180 pertinencias
1040 2104 1156 2164 ecclesie
1169 2111 1335 2182 memorate,

232 2182 310 2242 inter
320 2201 350 2243 se
360 2184 445 2261 plene
455 2188 485 2242 et
494 2183 619 2243 fideliter
629 2183 837 2257 dimidiabunt,
848 2190 878 2244 st
887 2184 985 2244 omnia
995 2189 1152 2245 oneratam
1162 2188 1336 2265 episcopalia

233 2269 263 2323 et
286 2264 526 2326 archidiaconalia
551 2283 639 2342 quam
662 2265 720 2325 alia
740 2265 865 2342 quilibet
888 2285 940 2342 pro
963 2267 1099 2343 porcione
1122 2286 1175 2326 sua
1195 2269 1336 2346 equaliter

233 2345 427 2406 sustinebunt.
471 2345 567 2407 Salvis
586 2348 619 2406 in
639 2345 775 2407 omnibus
795 2345 846 2408 &a
888 2347 929 2406 Et
948 2352 983 2407 ut
1002 2347 1056 2408 hac
1075 2353 1175 2409 nostra
1188 2351 1333 2410 concessio

233 2425 284 2486 dvc.
328 2426 463 2488 Testibus
486 2432 516 2487 et
535 2426 605 2487 Dat'
626 2433 660 2488 ut
684 2447 771 2507 supra
793 2428 827 2488 in
851 2433 929 2489 carta
941 2429 1016 2506 viije
1031 2430 1218 2507 pontificatus
1242 2433 1335 2492 nostri

232 2526 310 2568 anno
322 2527 408 2570 nono.

294 2667 343 2722 0⁸·
358 2668 393 2720 ΙΝ
409 2665 592 2723 uocasset
606 2668 654 2721 nt
668 2667 909 2723 DONlNGTON'.

293 2733 454 2801 Universis.
461 2735 507 2794 dre.
549 2734 676 2794 Noverit
688 2735 863 2795 universitas
877 2737 973 2794 vestra
986 2752 1040 2794 nos
1053 2734 1090 2795 de
1100 2754 1219 2796 assensu
1229 2737 1336 2816 Rogati

233 2813 344 2873 Decumi
367 2820 398 2875 et
411 2815 543 2892 Capituli
566 2816 659 2875 nostri
679 2814 760 2875 Linc'
775 2815 875 2876 divine
898 2817 1015 2892 pietatis
1038 2817 1152 2876 intuitu
1171 2817 1285 2878 dedisse
1306 2825 1335 2878 et

233 2896 405 2955 concessisse
419 2897 534 2956 dilectis
546 2895 579 2955 in
594 2895 712 2957 Christo
725 2897 794 2960 filiis
808 2897 898 2974 priori
911 2902 942 2957 et
954 2898 1112 2957 conventui
1125 2898 1162 2957 de
1175 2899 1335 2960 Trentham

232 2979 350 3034 centum
363 2976 472 3036 solidos
484 2978 517 3036 in
534 2977 653 3036 ecclesia
672 2976 709 3058 de
723 2977 906 3054 Dunington'
920 2997 977 3055 que
997 2977 1034 3038 ds
1048 2997 1146 3038 eorum
1159 2985 1203 3039 est
1216 2980 1336 3041 advoca-

232 3056 315 3116 oione
329 3058 481 3117 annuatim
501 3058 620 3118 nomine
639 3058 772 3136 perpetui
792 3058 926 3117 beneficii
945 3059 1145 3137 percipiendos
1164 3080 1216 3139 per
1231 3081 1335 3122 manus

233 3137 340 3198 Salem*
367 3137 508 3215 capellani
534 3156 621 3214 quem
654 3139 693 3198 ad
719 3139 964 3216 presentacionem
991 3141 1148 3201 eorundem
1174 3143 1278 3218 prioris
1305 3149 1335 3204 et

232 3223 393 3278 conventus
420 3219 459 3278 ad
484 3219 606 3278 eandem
632 3219 782 3279 eeclesiam
808 3219 978 3280 admisimus
1006 3225 1035 3280 st
1061 3221 1094 3280 in
1122 3241 1155 3282 aa
1182 3243 1334 3300 personam

231 3299 423 3375 instituimus,
434 3304 464 3360 st
477 3318 672 3360 suceessomm
681 3318 798 3360 suorum
812 3301 864 3376 qui
876 3320 929 3378 pro
942 3307 1071 3380 tempore
1084 3303 1215 3364 instituti
1224 3305 1334 3366 ineunt

231 3381 264 3439 in
287 3381 394 3443 eadem.
438 3381 534 3441 Debet
556 3387 654 3441 autem
677 3382 756 3441 idem
780 3381 925 3460 Sampson
948 3382 1014 3463 (sic)
1039 3389 1069 3443 et
1089 3403 1264 3446 successores
1288 3388 1334 3447 sui

231 3463 329 3522 omnia
349 3481 436 3523 onera
458 3467 520 3522 tam
544 3461 717 3541 episcopalia
740 3481 829 3540 quam
852 3457 1195 3526 archidiaconalia⁴illius
1217 3467 1334 3529 ecclesie

231 3545 381 3604 sustinere.
424 3543 521 3605 Salvis
534 3544 567 3603 in
583 3544 719 3604 omnibus
732 3543 783 3605 dcc.
828 3544 868 3605 Et
887 3551 923 3606 ut
941 3546 995 3606 hee
1015 3549 1160 3608 concessio
1172 3554 1271 3610 nostra
1285 3551 1331 3611 dcc.

230 3625 366 3686 Testibus
379 3630 409 3687 ct
422 3625 491 3686 Dat’
504 3629 540 3685 ut
552 3643 640 3703 supra
652 3627 685 3686 in
698 3631 776 3686 carta
788 3646 875 3702 nona,
889 3645 966 3688 anno
979 3647 1065 3690 nono.

291 3801 310 3854 a
324 3801 476 3856 Αυῃευε
488 3788 522 3848 c'c
535 3789 686 3849 medietate
699 3790 809 3850 ecclesie
822 3790 857 3850 de
870 3790 988 3868 Bacchy.

290 3867 445 3928 Universis
472 3869 519 3930 dcc.
563 3869 690 3934 Noverit
722 3872 897 3932 universitas
922 3879 1018 3933 vestra
1044 3892 1098 3932 nos
1125 3873 1162 3934 de
1190 3893 1332 3934 consensu

230 3949 337 4027 Rogeri
356 3947 469 4010 Decani
488 3956 520 4011 et
537 3950 668 4028 Capituli
680 3951 763 4012 Linc'
777 3953 877 4013 divine
902 3953 1020 4031 pietatis
1043 3955 1155 4014 intuitu
1175 3955 1288 4015 dedmse
1303 3961 1332 4016 et

230 4029 403 4090 concessisse
417 4030 531 4092 dilectis
544 4033 576 4092 in
590 4033 709 4096 Christo
722 4034 791 4093 filiis
804 4034 899 4094 Priori
912 4040 942 4094 at
956 4036 1124 4097 conventui
1136 4036 1173 4095 de
1187 4037 1332 4114 Markeby

230 4130 323 4171 unum
342 4129 461 4172 aureum
484 4114 516 4172 in
542 4114 697 4175 medietate
718 4115 835 4175 ecclesis
855 4115 892 4174 de
914 4116 1038 4194 Beseby,
1059 4135 1116 4193 que
1135 4118 1275 4177 medietas
1296 4119 1332 4178 da

230 4211 329 4253 eorum
345 4193 536 4254 advooaoione
554 4198 606 4270 est,
620 4196 739 4254 nomine
758 4196 893 4275 perpetui
912 4195 1046 4258 beneficii
1064 4198 1188 4274 singulis
1201 4200 1286 4258 annis
1301 4201 1334 4260 in

230 4274 306 4335 testo
331 4273 362 4336 S.
387 4273 544 4368 Michaelis
568 4276 787 4355 pemipiendum
813 4277 875 4359 perv
890 4298 995 4340 manus
1021 4277 1131 4340 Thoma
1158 4279 1195 4340 de
1218 4279 1335 4342 Norton
