3258 5096
259 501 303 566 94
665 515 768 570 Lllillli
790 515 967 582 semontis

259 685 349 747 quam
362 683 448 744 super
460 663 651 726 advocaciono
665 663 782 724 ecclesie
792 665 829 726 de
838 665 1044 726 Meseewordh'
1054 667 1156 728 domui
1167 667 1309 746 relligiosa
1324 670 1361 731 de

260 745 435 811 (laudewell’
455 751 485 806 et
499 746 654 808 Cenoniois
672 747 784 806 ibidem
806 747 861 807 deo
884 749 1078 808 servientibus
1098 753 1129 808 et
1146 749 1362 828 imperpetuum

259 817 427 908 regulariter
453 828 603 888 servituris
625 828 696 888 fecit
718 833 810 887 ratam
833 833 864 888 et
885 834 995 906 gratam
1015 830 1123 889 habere
1146 849 1266 908 eamque
1286 833 1363 893 sicut

258 909 472 972 racionabiliter
484 909 561 970 iacta
574 913 618 968 est
630 909 672 969 eis
682 909 853 969 auctoritate
864 911 1021 988 episcopali
1030 911 1240 972 confirmamus.
1266 913 1363 974 Salvis

258 991 292 1052 in
305 991 440 1052 omnibns
460 991 507 1050 dm.
549 989 637 1065 Quod
655 995 690 1049 ut
709 996 877 1068 perpetuam
897 992 1028 1051 obtineat
1048 993 1214 1052 firmitatem
1234 995 1363 1070 presenti

259 1073 366 1151 scripto
374 1071 502 1150 sigillum
510 1077 642 1130 nostrum
648 1071 787 1133 duximus
794 1071 1007 1149 opponendum.
1023 1073 1363 1134 HiisTestibnsRoberto

260 1151 448 1214 Huntindon'
461 1157 490 1212 et
511 1151 672 1212 Willielmo
692 1151 769 1212 Bnlr'
789 1153 1007 1228 archidiaconis,
1018 1153 1129 1214 Thema
1148 1153 1186 1212 (16
1199 1155 1362 1215 Fislrerton'

259 1235 417 1314 capellano,
431 1232 581 1310 Magistris
600 1233 635 1293 R.
651 1233 688 1292 de
708 1231 822 1293 Grauel’
837 1239 867 1295 et
879 1234 988 1294 Thecb’
1002 1235 1040 1294 de
1057 1234 1154 1308 Ganc’,
1168 1234 1203 1296 P.
1218 1235 1256 1295 ds
1276 1237 1363 1296 Beth'

260 1315 406 1376 canonicis
419 1313 511 1386 Linc'‚
524 1312 674 1392 Magistris
686 1312 737 1374 W.
749 1314 787 1374 de
800 1313 883 1375 Liuc’
896 1319 927 1375 et
940 1315 1002 1376 Ric’
1013 1314 1051 1376 (16
1062 1315 1231 1392 linghurst,
1244 1317 1362 1378 Oliverc

260 1397 297 1458 do
310 1396 423 1458 Chedn'
438 1395 557 1468 clericis,
578 1398 608 1454 et
627 1395 699 1455 aliie
742 1394 812 1456 Dst’
825 1397 963 1474 psrmsn’
982 1395 1032 1458 W.
1055 1397 1092 1456 de
1111 1397 1251 1457 'ihomas'
1272 1399 1363 1458 archi-

259 1477 376 1538 diaconi
389 1476 487 1538 Stowe
500 1474 580 1554 spnd
592 1475 760 1554 Buggsdon'
771 1477 820 1554 iij0
834 1476 880 1538 Id.
891 1478 1003 1556 Aprilis
1015 1477 1097 1557 pont'
1111 1479 1204 1539 nostri
1218 1497 1296 1539 anno
1309 1488 1353 1540 1⁰.

320 1635 526 1764 gffiidsyd'c.
567 1699 666 1778 Quum
680 1719 766 1778 opera
778 1701 905 1762 (66116116
918 1721 1037 1762 assensu
1056 1706 1138 1781 grato
1154 1707 1225 1763 sunt
1237 1703 1363 1781 amploc-

260 1783 357 1858 tsnde‚
371 1782 601 1844 Universitetem
615 1787 742 1842 vestram
754 1782 827 1842 sciro
840 1783 976 1844 nolumus
987 1784 1066 1861 quod
1076 1803 1130 1844 nos
1140 1785 1362 1844 collocationem

260 1865 360 1926 dilecti
379 1865 412 1925 in
427 1864 544 1926 Christo
564 1863 618 1923 filii
631 1862 778 1923 Johsnnie
791 1864 921 1923 Mslh’be
940 1865 1044 1925 militie
1063 1885 1152 1943 quam
1171 1865 1359 1942 hospitalis.

259 1946 406 2008 Johsnnis
419 1945 552 2023 Baptista
572 1945 609 2005 de
622 1945 747 2004 Hocliue
767 1949 798 2003 et
816 1945 954 2006 iratribus
975 1945 1105 2023 ejusdem
1124 1947 1181 2006 loci
1193 1947 1263 2006 iecit
1276 1965 1363 2025 super

260 2027 451 2090 advocacione
465 2025 583 2086 ecclesie
595 2025 680 2086 Beati
693 2024 831 2085 Nicholai
849 2026 883 2107 in
902 2026 1002 2086 eadem
1022 2027 1094 2088 villa
1113 2032 1207 2087 ratem
1219 2028 1361 2088 habemns

260 2113 290 2170 et
303 2113 413 2187 gratam
426 2125 546 2185 eamque
560 2108 606 2168 dc.
619 2113 653 2167 ut
666 2125 753 2184 supra
762 2107 795 2166 in
805 2111 883 2184 carta
892 2108 1032 2185 proximo.
1077 2108 1172 2169 Salvis
1181 2109 1214 2168 in
1224 2109 1361 2170 omnibus

260 2191 306 2250 dc.
348 2189 436 2265 Quod
458 2193 491 2248 ut
510 2197 679 2266 perpetuam
693 2188 739 2249 dc.
782 2187 917 2249 Tastibus
930 2189 1001 2266 Reg.
1016 2189 1180 2250 subdecano
1201 2194 1230 2250 et
1249 2189 1315 2250 aliis
1328 2195 1363 2251 ut

259 2290 346 2348 supra
353 2272 386 2330 in
396 2274 474 2330 carta
484 2269 623 2346 proxima.
665 2269 735 2329 Dat'
743 2289 795 2348 per
804 2289 908 2329 manus
918 2269 967 2330 W.
978 2270 1015 2330 de
1021 2270 1162 2331 Thomac'
1168 2271 1363 2332 archidiaconi

260 2353 359 2414 Btcwe
372 2350 451 2429 apud
464 2349 630 2428 Buggeden'
643 2350 665 2427 ij
679 2349 737 2412 kal.
752 2351 863 2429 Aprilis
876 2369 954 2412 anno
967 2359 1011 2412 1⁰.

320 2508 527 2638 ggffiffl
567 2573 667 2651 Quum
680 2575 729 2653 pia
741 2576 818 2636 iacta
829 2575 961 2636 fidolium
978 2577 1067 2655 digno
1080 2581 1149 2637 sunt
1162 2575 1362 2655 prosequenda

258 2659 367 2732 favore,
385 2656 533 2718 Noveritis
552 2675 607 2716 nos
627 2657 812 2716 collacionsm
832 2676 920 2734 quam
939 2659 1017 2718 bone
1036 2659 1173 2718 memorie
1187 2658 1312 2718 Matillis
1323 2659 1360 2717 (16

260 2739 386 2800 Mohout
405 2739 475 2799 iecit
495 2737 629 2814 priorisse
649 2744 679 2798 et
698 2738 874 2798 monialibus
894 2738 931 2798 (16
952 2739 1044 2800 Oestr’
1064 2757 1151 2818 super
1169 2739 1361 2801 advocecione

260 2819 378 2881 ecclesie
399 2821 436 2880 de
450 2818 599 2897 Sutherby
612 2825 704 2880 ratam
723 2823 754 2878 et
772 2824 883 2896 gratam
902 2819 1043 2880 habentes
1063 2839 1125 2880 eam
1145 2821 1222 2880 sicut
1235 2821 1362 2880 raciona-

259 2903 359 2962 biliter
372 2903 419 2962 isc.
434 2905 468 2961 ut
493 2900 527 2958 in
550 2905 628 2960 corta
644 2901 783 2978 proxima.
827 2900 923 2962 Salvis
936 2901 968 2960 in
982 2901 1117 2960 omnibus
1130 2901 1182 2961 doc.
1227 2900 1315 2976 Quod
1328 2907 1363 2961 ut

259 2987 428 3061 perpetuam
447 2984 494 3042 dc.
537 2980 673 3042 Testibns
686 2981 707 3042 J
708 2982 823 3042 ohanne
836 2980 873 3041 de
885 2982 1015 3042 Eboracc
1035 2981 1238 3042 archidiacono
1253 2981 1359 3057 Stowe,

259 3065 371 3124 Thomu
390 3065 427 3124 de
447 3063 603 3126 Fislrerton
623 3063 780 3141 capellano,
802 3063 943 3140 Magistro
966 3063 1002 3124 R.
1024 3065 1061 3124 de
1082 3063 1196 3124 Grauel'
1217 3068 1247 3122 et
1267 3063 1301 3123 P.
1324 3063 1362 3122 de

260 3145 385 3206 Bethon’
413 3147 558 3206 canonicis
592 3145 684 3217 Linc’,
712 3145 761 3204 W.
790 3145 827 3204 de
854 3145 1042 3222 Koyneshsm
1076 3149 1106 3204 et
1132 3143 1290 3222 Radulpho
1323 3143 1360 3204 (16

260 3225 436 3296 Wsrrsuill',
449 3225 595 3286 canonicis
609 3224 706 3302 Well’,
721 3227 862 3304 Magistro
876 3225 1008 3286 Gilberto
1029 3225 1066 3286 (16
1080 3225 1179 3286 Stoura
1199 3230 1229 3285 et
1243 3225 1361 3286 Olivero

259 3307 296 3368 de
310 3306 422 3370 Chodn'
436 3308 555 3382 clericis,
570 3311 600 3368 et
612 3307 684 3368 aliis.
726 3307 795 3367 Dst'
809 3327 860 3386 per
870 3327 973 3368 manus
986 3306 1035 3368 W.
1050 3307 1087 3366 de
1100 3306 1208 3366 Thorn'
1221 3306 1360 3366 archidia-

260 3389 326 3448 coni
339 3387 470 3448 Lincoln’
483 3388 563 3468 apud
574 3389 607 3449 N
607 3388 700 3450 euhue
713 3389 760 3465 xj0
773 3389 831 3449 lral
846 3387 868 3448 J
868 3389 931 3466 unij
947 3388 1027 3467 pont'
1040 3387 1133 3449 nostri
1145 3406 1222 3448 enno
1235 3396 1278 3448 1⁰.

734 3506 797 3590 [ro.
814 3507 889 3592 29121.

320 3612 592 3668 ΑΡΡΒΟΡΒΙΑΟΙΟ
604 3612 870 3670 witimarum.

320 3679 465 3740 Omnibus
478 3681 525 3740 dc.
567 3679 692 3740 Noverit
704 3679 878 3740 universitas
897 3683 992 3739 vestra
1005 3697 1059 3739 nos
1073 3677 1110 3738 de
1123 3695 1242 3739 assensu
1254 3677 1362 3756 Rogeri

140 3804 144 3812 .
259 3760 371 3820 Deceni
392 3764 423 3820 et
437 3759 569 3836 Capituli
587 3763 680 3820 nostri
693 3761 776 3821 Linc’
790 3761 962 3820 concessisse
981 3765 1011 3820 et
1030 3761 1158 3837 presenti
1170 3765 1249 3820 carte
1262 3764 1361 3820 nostra

260 3843 440 3902 confirmasse
461 3841 561 3902 domui
580 3841 723 3920 relligiosa
742 3841 779 3901 de
795 3842 883 3902 Fossa
904 3847 986 3901 extra
1000 3841 1116 3901 Torkes’
1130 3848 1160 3902 et
1180 3841 1361 3901 Monialibue

258 3923 369 3983 ibidem
390 3923 444 3982 deo
464 3923 658 3983 servientibus
682 3928 712 3982 et
735 3924 768 3982 in
790 3927 963 4001 perpetuum
986 3922 1135 3983 servituris
1155 3923 1305 3983 ecclesiam
1324 3920 1361 3982 (16

259 4004 479 4082 Wullingeham
502 4023 568 4064 cum
592 4005 727 4064 omnibus
750 4004 935 4081 pertinenciis
956 4004 1016 4064 suis
1042 4022 1099 4081 qne
1126 4007 1171 4064 est
1197 4003 1234 4062 de
1250 4022 1362 4066 aarum

259 4086 449 4147 eduocecione
473 4086 554 4146 salva
576 4087 756 4164 possessione
781 4083 924 4162 Stephani
947 4085 984 4144 (16
1004 4085 1171 4162 Hundsgst’
1189 4085 1286 4144 clerici
1309 4085 1362 4163 qui

260 4167 369 4228 dictam
380 4167 528 4227 ecclesiam
538 4171 627 4228 tenet.
657 4166 818 4226 Reddendo
830 4167 871 4225 616
881 4166 953 4226 (1666
963 4185 1071 4226 marcas
1082 4165 1233 4226 annuatim
1243 4167 1361 4225 nomine

259 4249 407 4327 pensionis
420 4253 486 4326 post
500 4247 648 4308 decessum
668 4249 732 4324 ejus
751 4249 784 4307 in
803 4248 933 4326 proprios
953 4267 1023 4308 usus
1042 4248 1171 4326 ipsarum
1184 4247 1360 4306 Monialinrn

260 4329 489 4390 convertendos:
512 4348 601 4389 unam
627 4329 737 4389 scilieet
763 4329 949 4390 medietatem
975 4329 1013 4389 sd
1039 4329 1179 4390 vestitum
1206 4347 1303 4388 eorum
1331 4331 1361 4386 et

261 4409 546 4472 medietatemsliam
560 4410 771 4488 adeoquincm.
1443 4414 1444 4418 ’
