3246 5096
656 526 812 580 Eudorus
836 525 959 580 WELLS.
1340 511 1360 574 3

258 675 380 738 minutis
393 675 513 738 decimis
525 675 618 754 ipsius
627 673 745 735 ecclesie
757 677 787 735 ct
796 673 830 734 in
838 677 901 734 tote
910 677 986 734 terro
995 671 1112 734 ecclesie
1123 671 1233 734 scilicet
1242 669 1357 736 dusbus

258 759 378 834 virgatis
401 764 431 818 et
454 755 576 818 dimidie
598 775 664 816 cum
688 774 788 818 menso
809 755 985 832 competenti
1005 759 1036 815 et
1055 755 1163 815 dicitur
1182 773 1244 814 esse
1258 757 1355 818 minus

259 839 404 900 sufficiens
418 857 471 900 neo
484 840 574 899 scitur
586 855 638 916 per
651 856 739 915 quem
751 835 892 896 ordinato.

321 1009 447 1064 NORTH
467 1008 599 1064 ESTON.
626 998 743 1059 Vicsrie
761 997 795 1058 in
814 997 932 1058 ecclesie
952 997 989 1057 de
1007 996 1105 1058 North
1125 996 1218 1056 Eston
1235 1017 1292 1076 que
1311 1003 1356 1060 est

257 1076 366 1143 Primis
379 1086 409 1142 et
423 1080 635 1142 Ocnonicorum
648 1080 685 1140 de
698 1077 898 1139 Bmdcuestok
911 1079 1081 1138 auctoritate
1094 1079 1209 1138 concilii
1223 1079 1355 1141 ordinate

257 1162 389 1223 consistit
411 1163 445 1222 in
468 1166 531 1222 toto
551 1161 688 1239 ultcmgio
710 1179 811 1220 menso
832 1163 863 1220 et
883 1159 1019 1220 domibus
1035 1158 1073 1218 ed
1092 1159 1186 1236 ipsum
1207 1159 1354 1221 ecclesium

256 1243 469 1322 pertinentibus
489 1262 555 1302 oum
575 1261 627 1302 sex
652 1242 725 1302 acris
746 1247 820 1301 terre
840 1241 1005 1318 jacentibus
1025 1241 1113 1317 juxta
1140 1238 1297 1303 Ccldewell
1323 1243 1356 1303 in

257 1345 357 1402 ocmpo
371 1323 505 1384 orientali
518 1327 548 1382 et
560 1323 593 1382 in
606 1323 760 1383 medietate
781 1323 957 1382 decimarum
977 1320 1014 1381 ds
1035 1320 1217 1380 Hetherooth
1230 1320 1355 1384 deterre

177 1464 179 1468 .
257 1405 413 1466 Willielmi
435 1403 535 1466 Buffin
558 1408 588 1464 et
610 1403 732 1464 Ernsldi
751 1403 788 1463 de
808 1402 990 1463 Hetherchot
1008 1405 1038 1462 et
1050 1403 1083 1461 in
1097 1401 1217 1461 decimis
1230 1402 1354 1469 ducrum

256 1486 488 1547 molendinorum
503 1485 630 1546 Simonis
644 1485 802 1546 Gambun:
822 1489 852 1544 et
865 1485 997 1544 inveniet
1017 1485 1141 1542 vicerim
1161 1484 1296 1544 clericum
1316 1485 1355 1545 sd

256 1567 480 1628 ministrandum
490 1567 523 1626 in
533 1567 651 1626 ecclesie
660 1565 798 1626 idoneum
808 1570 838 1625 et
847 1565 1001 1625 luminaria
1009 1565 1204 1642 competencie
1214 1564 1353 1626 solvendo

256 1649 398 1708 sinodalis
420 1653 544 1708 tuntum
589 1647 729 1708 Oenonici
752 1665 820 1707 vero
845 1646 942 1706 omniu
965 1645 1021 1705 elie
1044 1665 1131 1706 onere
1157 1643 1352 1707 sustinebdnt.

257 1729 371 1790 Sufficit
393 1749 470 1790 unus
496 1729 661 1806 capellanus
684 1733 714 1788 st
739 1726 818 1787 velet
840 1727 947 1787 moeris
970 1745 991 1807 r
1017 1727 1103 1788 merc'
1129 1727 1229 1788 totalis
1255 1731 1353 1789 eutem

256 1811 375 1870 ecclesie
389 1811 413 1872 Ο
427 1810 487 1870 sol'.

315 1980 594 2036 ουῠΕιΙΝΘΤοΝ.
636 1969 753 2030 Vicerie
771 1969 804 2029 in
824 1969 942 2030 ecclesie
962 1970 998 2029 de
1015 1969 1213 2048 Ondelington
1233 1989 1289 2048 que
1309 1975 1354 2032 est

255 2052 381 2114 Abbctis
394 2057 423 2112 et
437 2052 649 2113 canonicorum
664 2049 749 2112 Osen’
763 2051 932 2110 auctoritate
947 2051 1060 2111 concilii
1074 2051 1207 2111 ordinate
1220 2053 1353 2112 consistit

255 2139 289 2193 ut
303 2153 389 2211 supra
401 2135 435 2194 in
447 2133 598 2210 principio.
642 2133 672 2192 N
673 2133 779 2193 escitur
792 2137 864 2210 quot
877 2131 1019 2210 capellani
1032 2136 1102 2192 sunt
1114 2132 1158 2193 ibi
1171 2135 1330 2194 necessarii

318 2303 451 2359 Konta.
478 2294 595 2354 Vicsric
621 2295 655 2353 in
681 2294 799 2354 ecclesie
825 2294 863 2354 de
889 2293 989 2372 Kogcs
1015 2313 1073 2371 qus
1099 2297 1143 2354 est
1169 2293 1296 2355 Abbatis
1324 2300 1353 2356 et

256 2381 415 2436 conventus
435 2376 472 2435 de
492 2375 635 2435 Fiscennc
656 2381 685 2434 et
704 2375 784 2435 velet
804 2376 829 2437 C
849 2375 901 2436 sol'
912 2381 946 2436 ut
965 2375 1089 2436 hebetur
1107 2375 1141 2435 in
1159 2375 1353 2452 inquisicione

254 2458 331 2517 fecte
350 2475 402 2533 per
421 2456 667 2516 Archidieconum
691 2457 845 2516 consistere
868 2461 965 2534 potest
986 2457 1020 2516 iu
1046 2461 1109 2516 toto
1127 2456 1265 2534 cltumgio
1286 2477 1353 2517 cum

255 2539 377 2598 minutis
390 2537 508 2598 decimis
522 2543 551 2598 st
561 2543 685 2615 quatuor
699 2538 813 2598 coturiie
826 2537 1014 2598 reddentibus
1027 2542 1151 2616 quotuor
1160 2539 1268 2599 solidos
1278 2543 1307 2599 et
1319 2539 1353 2598 iu

255 2619 374 2679 decimis
386 2619 538 2695 gerbemm
552 2619 588 2678 de
601 2620 694 2680 tribus
707 2618 786 2678 hidis
805 2619 955 2698 villenegii
975 2625 1004 2679 st
1017 2619 1097 2680 velet
1108 2619 1216 2680 viceris
1229 2624 1354 2698 quotuor

254 2701 340 2760 merc'
353 2719 374 2759 x
387 2700 438 2760 sol'
452 2706 482 2760 et
495 2701 548 2778 viij
564 2700 600 2761 d'.

317 2870 541 2926 ΟΑΒΒΙΝΤΟΝ.
568 2861 684 2920 Vicerie
696 2863 729 2922 in
743 2862 861 2923 ecclesie
874 2863 911 2922 de
924 2862 1080 2923 Oersinton
1093 2882 1150 2940 que
1163 2866 1207 2922 est
1226 2862 1352 2923 Abbctis

256 2946 285 3003 st
312 2948 473 3002 conventus
498 2941 674 3018 Eyneshnm’
701 2942 813 3002 dudum
836 2945 968 3004 ordinate
995 2945 1128 3004 consistit
1154 2944 1188 3002 in
1216 2944 1352 3004 omnibus

256 3024 484 3084 obveneionibus
507 3024 605 3084 alteris
631 3019 694 3106 [Fe.
718 3021 768 3106 1¹³]
789 3031 884 3101 preter
903 3025 1087 3084 medictatem
1111 3023 1296 3084 oblacionum
1319 3027 1352 3086 in

256 3103 371 3164 duobus
384 3105 467 3164 festis
480 3103 559 3164 besti
568 3105 649 3164 Petri
658 3106 895 3182 proveniencium
908 3103 997 3184 quem
1010 3106 1082 3165 dicti
1096 3105 1231 3165 monachi
1244 3105 1352 3166 debent

255 3190 290 3245 ut
303 3185 411 3245 dicitur
422 3185 574 3262 percipere.
619 3185 760 3247 Consistit
781 3187 870 3246 eciem
890 3188 923 3247 in
943 3187 1078 3247 omnibus
1098 3187 1219 3248 minutis
1232 3187 1352 3248 decimis

256 3285 322 3326 cum
336 3265 471 3326 domibus
491 3271 554 3326 orto
574 3270 604 3326 et
623 3268 753 3346 pomerio
772 3271 803 3326 et
823 3268 936 3327 ducbus
955 3267 1075 3346 virgatis
1095 3273 1169 3326 terre
1190 3287 1256 3327 cum
1269 3275 1352 3346 preto

256 3347 406 3424 cdjcscente
421 3347 459 3406 ed
479 3346 627 3408 ecclesium
646 3349 739 3425 ipsum
758 3349 971 3425 pertinentibus
992 3353 1021 3408 et
1041 3367 1108 3408 cum
1127 3367 1227 3408 menso
1247 3350 1280 3408 in
1294 3368 1352 3426 quo

255 3433 354 3488 menet
365 3427 505 3488 Osbertus
519 3429 590 3490 Sirs.
635 3429 776 3491 Consistit
790 3429 880 3492 eciem
892 3431 925 3490 in
939 3429 1058 3490 decimis
1072 3429 1197 3490 molend’
1208 3435 1238 3490 et
1251 3431 1351 3508 piscer'

254 3509 389 3587 parochie
401 3515 565 3571 memorate.

317 3680 548 3735 BRADEWELL.
575 3670 692 3732 Vicerio
703 3673 736 3732 in
749 3671 868 3732 ecclesie
880 3673 917 3734 ds
927 3672 1088 3734 Brcdsweli
1097 3692 1154 3751 que
1164 3678 1208 3734 est
1218 3673 1354 3752 Magistri

143 3723 146 3730 ¹
255 3751 367 3812 Milicie
389 3752 504 3828 Templi
530 3757 561 3811 et
586 3753 708 3813 fratrum
740 3759 776 3813 ut
808 3759 889 3831 petet
922 3775 973 3832 per
998 3755 1220 3832 inquisicionem
1246 3755 1353 3816 fectum

255 3834 426 3892 auctoritctc
436 3832 552 3892 concilii
560 3835 714 3894 consistere
727 3840 823 3912 potest
833 3836 866 3893 in
879 3836 1022 3913 alteregiis
1032 3842 1093 3896 tem
1103 3837 1224 3896 minutis
1235 3837 1352 3897 ecclesis

255 3931 342 3990 quem
356 3913 529 3990 capellarum
549 3933 616 3974 cum
636 3916 771 3976 omuibus
790 3916 912 3976 minutis
931 3917 1050 3978 decimis
1070 3923 1100 3977 et
1119 3917 1152 3976 in
1165 3919 1253 3977 tercio
1266 3919 1354 3995 garbe

255 3995 292 4054 de
317 3995 474 4054 Dominioo
500 4014 567 4054 cum
593 3997 715 4058 minutis
746 3997 865 4057 decimis
898 3999 977 4058 unde
1002 3998 1138 4059 monaehi
1164 3999 1201 4058 de
1227 3999 1352 4059 Fontsn'

254 4075 420 4154 percipiunt
433 4074 505 4135 dues
517 4082 613 4153 pestes
629 4083 658 4137 et
677 4079 711 4138 in
731 4078 849 4138 decimis
862 4079 1018 4140 crofterum
1032 4080 1110 4157 epud
1123 4079 1301 4140 Bredswell:
1323 4086 1353 4140 ct

255 4157 334 4216 velet
352 4157 460 4216 vicaria
482 4175 505 4215 x
528 4159 622 4217 mero'.
663 4159 756 4220 fiotel’
778 4163 875 4219 eutem
897 4161 1015 4220 ecclesie
1036 4181 1099 4220 xxx
1120 4163 1212 4223 merc’.
1255 4162 1352 4222 Debet

254 4243 352 4298 cutem
362 4237 486 4297 vicenus
496 4239 644 4299 matricem
654 4240 803 4300 ecclesium
812 4245 842 4300 et
850 4241 988 4318 capellem
1000 4243 1037 4303 de
1047 4242 1220 4304 Kelmestok
1229 4244 1352 4322 singulis

255 4317 359 4378 diebus
378 4317 509 4393 efficiere,
532 4319 674 4397 capellani
695 4325 793 4382 sutem
813 4321 850 4381 de
872 4323 1010 4382 Heliwell
1030 4328 1075 4383 ter
1093 4325 1126 4383 in
1146 4326 1307 4403 septimane
1323 4331 1353 4386 et

255 4397 368 4460 festivis
381 4400 503 4461 diebus:
523 4401 600 4462 unde
613 4404 765 4463 necessarii
779 4409 849 4464 sunt
864 4404 908 4464 ibi
922 4409 979 4464 tres
992 4405 1141 4484 cepetlmi
