3246 5096
270 481 290 545 2
665 496 768 554 unuh
789 495 967 561 ANTIQUUS

268 647 421 710 invenient
433 646 526 724 ipsius
540 645 678 724 obsequio
691 645 863 724 deputatum
876 663 949 723 quos
961 645 995 706 in
1008 645 1144 706 omnibus
1159 644 1220 704 suis
1235 643 1368 724 expensis

269 728 474 808 procurabunt
516 728 580 790 Ubi
592 731 690 788 autem
703 746 764 788 non
780 727 889 786 fuerint
910 727 1041 786 canonici
1060 725 1226 800 residentes,
1249 724 1369 786 clericus

269 812 322 890 qui
350 814 384 868 nt
410 809 607 887 supradictum
637 812 681 868 est
714 809 849 886 expensis
875 809 1004 886 ipsorum
1031 806 1232 886 procurabitur
1258 805 1370 867 clavem

270 891 381 952 deferet
404 890 436 950 in
458 891 545 951 domo
565 909 663 950 corum
684 893 714 948 et
733 908 831 950 curam
851 888 972 948 habebit
994 889 1115 948 liberam
1139 892 1174 948 ut
1199 888 1370 966 peripsum

270 972 377 1032 vicario
385 969 560 1032 sufficienter
567 973 600 1032 in
609 971 785 1032 victualibus
792 975 822 1030 et
829 970 986 1031 honorilice
993 969 1151 1030 necesaria
1158 969 1367 1048 ministrentur.

272 1053 413 1114 (laconici
426 1053 517 1113 eciem
531 1053 625 1113 eidem
638 1052 746 1113 vicario
759 1069 867 1128 equum
879 1051 1032 1112 invenient
1044 1052 1161 1129 quocies
1177 1068 1231 1128 pro
1244 1049 1370 1126 negociis

271 1154 371 1196 eorum
384 1137 415 1194 et
427 1135 545 1194 ecclesie
564 1132 653 1194 luerit
671 1133 852 1211 proiecturus
872 1137 934 1192 tam
952 1131 991 1193 ad
1011 1131 1137 1210 capitula
1155 1150 1245 1209 quam
1262 1130 1301 1192 sd
1312 1129 1370 1192 slis

271 1234 386 1276 necnon
399 1218 429 1275 et
442 1215 540 1276 omnia
553 1233 641 1275 onera
653 1213 833 1292 singularum
846 1213 1030 1274 eeclesiarum
1042 1212 1236 1274 sustinebunt

334 1391 364 1444 Β.
381 1391 494 1445 mant!
512 1389 639 1452 ΜΑΟΟ..
658 1387 785 1443 ΟΧΟΝ’.
812 1374 1095 1436 Vlcariainecclesit
1103 1373 1133 1434 S.
1142 1373 1237 1434 Mario
1244 1372 1370 1451 Magdal'

272 1457 367 1519 Oxon'
395 1462 477 1518 extra
503 1461 616 1534 portam
643 1454 848 1531 Aquilonelem
876 1474 934 1533 que
962 1461 1007 1516 est
1026 1457 1170 1516 dictorum
1195 1453 1321 1515 Abbatis
1341 1459 1371 1514 et

272 1539 484 1600 canonicorum
505 1537 590 1596 Osen’
611 1536 744 1595 consistit
763 1539 799 1596 nt
818 1555 905 1614 snpra
924 1537 982 1597 nisi
1001 1537 1085 1597 aliter
1097 1536 1175 1596 inter
1186 1536 1328 1596 vicarium
1340 1538 1371 1595 et

272 1621 423 1681 canonicos
432 1619 468 1680 de
476 1636 617 1679 consensu
625 1616 763 1694 Episcopi
770 1618 990 1680 conveneritzet
998 1617 1105 1679 sufficit
1114 1636 1189 1678 nnus
1197 1617 1368 1696 capellanus

332 1793 364 1846 S.
389 1789 504 1852 sctnrt.
528 1787 655 1843 OXON'.
682 1775 799 1839 Vinaria
817 1779 851 1838 in
874 1779 1003 1840 Ecclesia
1024 1779 1054 1841 S.
1076 1778 1175 1858 Epidii
1197 1778 1291 1839 Oxon'
1315 1797 1372 1856 que

272 1867 317 1924 est
331 1861 487 1921 Abbatisse
507 1864 537 1918 et
557 1859 729 1919 monialium
749 1860 786 1919 de
806 1859 981 1921 chestowa
1000 1861 1037 1921 de
1056 1879 1197 1922 consensu
1210 1879 1308 1920 earum
1321 1878 1374 1937 per

272 1944 434 2023 predictum
461 1941 639 2018 Episcopum
665 1941 837 2002 auctoritate
867 1941 983 2002 concilii
1010 1941 1151 2016 ordinata,
1180 1943 1314 2001 consistit
1340 1941 1372 2000 in

271 2023 426 2085 medietate
436 2024 526 2082 totius
540 2022 671 2099 alteragii
680 2041 747 2082 cnm
757 2027 820 2082 tota
830 2024 942 2086 decime
951 2029 1080 2084 ortorum
1092 2021 1158 2102 (sic)
1169 2023 1297 2100 exceptis
1306 2021 1373 2081 lans

272 2112 302 2168 et
318 2107 379 2166 lino
389 2105 471 2182 agnis
484 2107 514 2162 et
528 2102 647 2163 candela
658 2104 692 2163 in
704 2104 753 2164 die
766 2104 980 2165 Purificationis
991 2105 1024 2166 B.
1041 2104 1173 2182 Virginis
1185 2103 1373 2181 proveniente

273 2207 345 2267 quas
357 2185 497 2246 moniales
517 2185 629 2262 integre
650 2186 810 2262 percipient
832 2191 862 2245 et
884 2186 1005 2246 hebebit
1025 2186 1150 2246 vicarius
1169 2203 1303 2244 mansum
1321 2183 1374 2244 ubi

272 2269 439 2347 capellanus
460 2265 578 2326 ecclesie
604 2265 715 2326 solebat
741 2266 872 2326 habitare
895 2285 948 2345 pro
977 2286 1034 2345 que
1062 2266 1155 2327 solvet
1178 2265 1296 2326 ecclesie
1321 2283 1374 2325 sex

274 2349 407 2411 denarios
418 2348 577 2408 annuatim.
623 2345 724 2407 Solvet
733 2348 824 2407 eciam
838 2347 980 2408 sinodalis
992 2352 1109 2410 tentum
1122 2351 1152 2408 et
1164 2347 1304 2408 moniales
1316 2345 1374 2408 alia

273 2431 366 2509 ipsius
381 2427 499 2489 ecclesie
512 2446 598 2487 onera
615 2427 809 2490 mutinebunt.

338 2599 497 2655 BARTON.
525 2589 642 2650 Vicaria
666 2589 700 2649 in
733 2589 850 2651 ecclesia
884 2591 921 2651 de
949 2590 1078 2652 Bartcne
1104 2609 1160 2669 que
1186 2589 1306 2668 qnidam
1332 2595 1376 2651 ast

274 2672 401 2734 Abbatis
414 2676 445 2731 et
458 2672 629 2733 Conventus
643 2670 729 2732 Osen'
743 2690 795 2749 per
808 2671 972 2750 predictum
992 2671 1144 2732 dominum
1164 2673 1320 2751 Hugonam
1340 2671 1376 2732 ds

276 2771 419 2814 consensu
429 2753 550 2830 capituli
559 2751 694 2812 suiLinc’
703 2752 820 2830 ipsised
830 2753 1074 2814 sustentacionem
1090 2773 1248 2831 pauperum
1262 2759 1377 2831 etpere-

275 2835 424 2912 grinorum
437 2834 570 2893 similiter
584 2852 649 2894 cum
663 2833 772 2910 capelle
785 2834 822 2894 de
836 2833 993 2895 Saumiord
1006 2835 1182 2910 confirmata,
1198 2835 1331 2894 consistit
1343 2835 1377 2894 in

276 2922 339 2976 toto
352 2915 489 2992 alteragio
504 2915 621 2974 ecclesie
634 2914 671 2974 de
684 2915 794 2975 Barton
813 2934 881 2976 cum
901 2915 1023 2976 dimidia
1042 2915 1113 2977 hida
1132 2921 1207 2976 terre
1226 2915 1377 2992 adipeam

277 2997 425 3058 ecclesiam
438 2997 601 3073 pertinento
615 3000 645 3056 et
664 3015 731 3056 cum
751 2995 837 3056 domo
857 3014 944 3074 quam
964 2997 1091 3058 Thomas
1110 3015 1199 3057 senex
1213 2997 1327 3056 tenuit:
1347 3001 1377 3056 et

277 3078 434 3138 sustinebit
453 3078 577 3138 vicarius
597 3077 695 3137 omnia
714 3096 800 3137 onera
820 3077 912 3156 ipsius
939 3079 1057 3138 ecclesie
1073 3077 1172 3138 debite
1191 3082 1222 3138 et
1241 3082 1378 3138 consuete

277 3165 373 3237 preter
386 3158 549 3237 hospicium
561 3157 767 3218 Archidiaconi
777 3158 857 3238 quod
867 3159 1009 3222 Canonici
1028 3158 1152 3238 predicti
1163 3157 1376 3237 procurabunt:

278 3244 307 3301 et
321 3239 428 3301 sufficit
440 3241 484 3300 ibi
497 3258 573 3300 nnus
586 3239 759 3318 capellanus.
1266 3237 1268 3242 ’
1401 3281 1403 3284 -

342 3411 510 3466 οΑΡΕΙ.Ι.Α
525 3410 572 3464 DE
584 3411 801 3468 SAUMFORD.
828 3400 945 3464 Vicetia
977 3403 1011 3462 in
1043 3401 1173 3479 predicta
1206 3401 1316 3480 capella
1342 3401 1379 3461 de

281 3479 438 3546 Saumford
451 3481 583 3542 consistit
595 3482 629 3541 in
642 3481 778 3542 omnibus
797 3482 1026 3544 obvencionibus
1044 3483 1143 3544 altaris
1162 3482 1255 3544 eidem
1272 3483 1380 3562 capelle

281 3584 349 3626 cum
371 3563 493 3624 minutis
515 3563 635 3622 decimis
657 3566 688 3623 et
710 3563 743 3623 in
765 3567 891 3640 quatuor
913 3565 986 3624 acris
1005 3569 1035 3624 et
1055 3564 1178 3624 dimidia
1197 3565 1233 3624 ad
1258 3564 1379 3626 eandem

281 3645 421 3724 capellam
440 3643 672 3722 pertinentibus:
692 3647 723 3704 et
742 3644 899 3705 sustinebit
918 3645 1043 3706 vicarius
1063 3645 1161 3706 omnia
1182 3665 1269 3706 onera
1287 3646 1380 3724 ipsius

283 3727 391 3805 capelle
401 3725 500 3786 debita
513 3730 543 3784 et
556 3729 693 3785 consuete
705 3729 801 3802 preter
813 3724 977 3804 hospicium
995 3725 1203 3787 Archidiaconi
1215 3727 1296 3804 qnod
1309 3727 1381 3787 dicti

284 3807 425 3871 Canonici
435 3805 521 3868 Osen'
533 3806 748 3885 procurabunt:
767 3804 855 3866 faciet
868 3807 958 3866 eciam
971 3807 1079 3886 capelle
1089 3808 1126 3869 de
1136 3809 1282 3868 Ledevell
1295 3812 1381 3886 prout

283 3890 370 3951 debet
385 3887 522 3950 deserviri
535 3893 565 3948 et
577 3887 716 3964 percipiet
728 3887 847 3947 terciam
866 3892 978 3965 partem
998 3890 1130 3950 omnium
1149 3890 1325 3950 decimarum
1344 3889 1381 3949 de

284 3971 378 4049 gracia
398 3969 634 4048 proveniensium
654 3986 706 4045 pro
724 3967 866 4046 capellani
879 3971 1109 4032 sustentacioue:
1129 3974 1159 4032 et
1172 3970 1211 4032 sd
1223 3971 1381 4050 predictam

284 4053 343 4112 duo
357 4051 499 4130 capellani
511 4055 582 4112 sunt
594 4050 753 4111 necessarii

347 4222 579 4278 [ὶοΝΟΒΤΙνΙΑυ
606 4210 722 4272 Vicaria
734 4211 768 4271 in
780 4211 899 4272 ecclesis
912 4213 949 4273 de
961 4185 1134 4274 Dunestiwe
1146 4232 1203 4292 qua
1217 4218 1261 4274 est
1273 4213 1383 4274 Prioris

285 4298 315 4356 et
329 4295 540 4359 canonicorum
554 4293 591 4353 de
604 4293 721 4352 Merton
734 4295 867 4354 consistit
880 4295 984 4368 intoto
1004 4295 1141 4374 eltaragio
1159 4301 1189 4356 et
1201 4296 1235 4354 in
1248 4295 1383 4355 omnibus
