3246 5096
294 447 337 512 ³2
682 459 787 516 mem
807 423 986 526 eumcum

353 624 522 681 simon.
548 607 664 670 Vicurie
689 607 723 668 in
748 609 867 670 ecclesis
892 609 930 671 de
961 609 1080 688 Slipton
1105 629 1163 688 que
1189 614 1235 672 cst
1261 612 1393 692 magistri

291 692 445 772 hospitalis
464 691 497 751 N
496 690 652 768 ortbcmpt'
672 691 842 751 auctoritste
861 691 978 752 concilii
991 692 1124 752 ordinate
1136 693 1270 754 consistit
1283 696 1315 754 in
1329 699 1393 756 toto

291 775 429 852 clturegio
449 777 479 833 et
497 773 531 832 in
550 771 686 832 omuibus
706 772 828 832 minutis
848 773 967 832 decimis
987 778 1083 850 preter
1102 792 1191 851 quum
1210 774 1247 834 de
1267 777 1392 854 propriis

258 903 262 912 .
290 855 465 916 animalibus
477 854 570 932 ipsius
586 852 717 931 maginni
729 857 759 913 ot
778 854 811 912 in
824 853 979 916 medietate
993 854 1104 915 decime
1117 855 1267 934 gurbsrum
1280 856 1318 917 de
1330 862 1392 918 tots

291 936 428 1017 purocbic
441 954 508 995 cum
520 953 623 994 moneo
637 938 827 1011 competente.

352 1135 585 1192 ΗεΜικοτοΝ.
631 1120 918 1182 Vicorisinecolssis
927 1121 964 1182 de
977 1121 1159 1199 Hemington
1168 1124 1391 1202 quceetpriorie

290 1210 321 1268 et
342 1209 503 1266 conventus
518 1203 548 1264 S.
564 1202 596 1262 N
596 1204 654 1262 coti
674 1203 844 1264 auctoritato
864 1203 980 1263 concilii
992 1203 1123 1263 ordinatu
1136 1205 1270 1264 consistit
1282 1205 1314 1265 in
1328 1211 1390 1266 toto

289 1285 426 1363 disrupto
440 1289 470 1346 et
482 1289 545 1345 tots
563 1288 639 1344 terte
658 1283 804 1344 dominico
823 1285 940 1344 ecclesie
960 1303 1027 1344 cum
1047 1303 1147 1345 menso
1166 1291 1347 1362 competente
1360 1292 1390 1347 st

289 1369 322 1428 iu
341 1368 354 1426 i
373 1385 469 1428 meros
494 1383 592 1425 onnus
618 1383 670 1442 per
695 1364 942 1425 Archidisconum
968 1365 1193 1443 Nortbsmpton'
1221 1371 1298 1426 cetto
1325 1368 1389 1428 loco

288 1448 462 1526 eesignsms
480 1447 514 1507 in
533 1445 653 1506 decimis
671 1445 824 1522 garbarum
843 1445 881 1506 dc
900 1446 1014 1506 duabus
1034 1447 1154 1524 virgatis
1173 1451 1248 1508 tene
1263 1448 1297 1508 in
1312 1447 1389 1527 Torp

288 1548 361 1607 ques
375 1529 520 1590 Robertus
533 1527 572 1586 fil'
587 1526 697 1588 Semini
707 1530 737 1588 et
748 1526 926 1586 Willielmue
940 1527 1022 1588 Belle
1031 1533 1062 1587 ct
1073 1527 1160 1604 Hugo
1170 1527 1207 1588 ds
1219 1527 1389 1607 Tisinghsm

288 1616 319 1672 et
332 1609 482 1672 Gclfridue
494 1611 653 1669 tenuerunt
672 1611 703 1667 ot
721 1607 816 1668 solvet
830 1608 955 1668 vicarius
968 1609 1111 1670 sinodalia
1123 1614 1240 1670 tuntum
1254 1611 1389 1672 monachi

288 1710 356 1754 vero
369 1691 532 1769 hospicium
545 1688 739 1750 archidiaconi
752 1689 956 1766 procumbunt

347 1888 550 1945 ΑυιΝατοκ,
576 1873 693 1934 Vsccric
705 1873 738 1933 in
751 1873 870 1935 ecclesie
889 1874 926 1935 de
945 1875 1080 1936 Adiuton
1092 1894 1150 1953 que
1163 1881 1207 1937 eet
1220 1877 1345 1939 Abbatie
1358 1884 1388 1940 et

287 1962 447 2019 conventus
461 1956 497 2016 de
518 1955 629 2034 Suleby
648 1956 820 2016 auctoritate
839 1957 956 2017 concilii
975 1957 1108 2018 ordinate
1127 1959 1260 2018 consistit
1278 1961 1311 2019 in
1324 1963 1387 2020 toto

286 2039 423 2116 ultsrsgio
443 2039 526 2098 etin
545 2042 608 2096 tots
628 2041 703 2097 terre
725 2035 871 2098 dominice
897 2037 1027 2115 eJ'usdsm
1048 2038 1166 2098 ecclesie
1185 2045 1216 2099 et
1234 2041 1267 2100 in
1287 2059 1386 2102 menso

286 2123 468 2198 competente
491 2137 558 2178 cum
580 2117 736 2178 medietate
762 2119 840 2179 curie
867 2119 984 2179 ecclesie
1010 2119 1170 2196 adjacentis
1194 2124 1223 2180 et
1247 2121 1387 2200 percipiet

285 2201 438 2262 snnuutim
450 2199 488 2260 sb
501 2199 606 2259 sbbste
619 2217 671 2258 sex
690 2199 814 2277 quorter'
833 2199 973 2260 frumenti
993 2203 1023 2260 et
1042 2219 1095 2260 sex
1110 2201 1170 2261 ord’
1185 2204 1336 2262 annuatim
1349 2204 1387 2264 sd

285 2282 360 2343 duos
385 2283 525 2342 terminos
559 2281 670 2340 scilicet
702 2280 887 2341 medistctem
917 2281 956 2341 cd
981 2282 1090 2342 festum
1117 2281 1146 2343 S.
1175 2283 1328 2344 Michaelis
1356 2289 1386 2344 et

285 2363 470 2423 medietatem
496 2361 534 2421 sd
560 2360 704 2439 pascham
760 2362 801 2421 Et
827 2361 984 2422 sustinebit
1016 2363 1142 2424 vicenus
1174 2365 1272 2425 omnis
1299 2381 1386 2426 onere

285 2445 458 2524 episcopalis
471 2443 579 2503 dictem
592 2443 741 2503 ecclesium
753 2443 961 2520 contingcncis

639 2546 1032 2596 mmenmstne-“lneteo.xvu.”

345 2692 549 2748 costum.
575 2678 692 2740 Vicsrie
704 2675 738 2739 in
750 2678 869 2740 ecclesis
889 2679 925 2740 de
938 2679 1079 2757 Boesgstc
1098 2699 1156 2759 quc
1171 2685 1215 2741 eet
1228 2681 1341 2742 sbbct’s
1354 2686 1384 2741 ct

284 2765 444 2822 convontus
472 2760 502 2821 S.
530 2759 635 2822 Jocobi
660 2760 886 2838 Nortbempton'
913 2763 1084 2822 anctoritate
1110 2763 1226 2822 concilii
1252 2763 1385 2823 ordinatu

283 2843 416 2904 consistit
428 2843 461 2902 in
474 2845 537 2901 toto
550 2842 687 2920 clusano
697 2860 764 2902 cum
774 2861 873 2901 menso
884 2847 1065 2920 competente
1075 2847 1104 2902 et
1114 2844 1146 2903 in
1156 2843 1278 2903 dimidiu
1290 2861 1385 2904 meroe

283 2943 381 2984 onnus
400 2923 495 2984 cidem
513 2923 619 2984 viceris
638 2924 672 2982 in
691 2928 769 2983 certo
789 2923 852 2982 loco
876 2924 1048 3000 sesignends
1067 2943 1119 3002 pes
1137 2923 1384 2984 Anchidisconum

283 3003 519 3083 Northsmpton.’
560 3004 600 3064 Et
613 3005 707 3065 solvet
727 3004 1009 3065 vicariuseinodslis·
1019 3010 1144 3081 tuntum,
1160 3005 1301 3066 Cenouici
1315 3024 1383 3066 vero

188 3095 192 3102 '
282 3085 446 3166 hospicium
459 3085 667 3148 Aschidisconi
679 3086 885 3164 procumbunt.

341 3286 612 3342 ψοιΑΝξετοΝ,
638 3271 756 3333 Vicsrie
778 3274 812 3332 in
837 3272 957 3334 ecclesis
980 3272 1018 3331 de
1037 3271 1231 3333 Woleneeton
1255 3291 1311 3350 que
1339 3276 1382 3332 est

280 3354 452 3414 monialium
465 3353 502 3414 de
515 3359 598 3432 preto
608 3359 690 3416 extre
703 3353 930 3433 Northumpton'
940 3355 1111 3415 auctoritate
1121 3354 1237 3414 concilii
1249 3353 1383 3416 oudinsts

281 3435 416 3496 consistit
438 3436 472 3494 in
495 3439 559 3496 toto
579 3435 716 3512 alumno
736 3441 831 3513 preter
850 3454 982 3496 annuum
1000 3434 1147 3496 redditum
1167 3454 1231 3496 xxe
1257 3435 1294 3494 de
1317 3435 1396 3511 ipso*

280 3516 418 3592 slmmgio
432 3516 464 3576 iu
477 3523 555 3577 certo
567 3517 631 3577 loco
650 3516 890 3578 subtrahendum.
933 3516 1019 3576 Idem
1032 3519 1130 3575 eutem
1149 3516 1275 3576 viccrius
1288 3515 1381 3578 solvet

280 3597 423 3657 sinodalis
436 3602 466 3657 et
479 3597 619 3658 moniales
632 3597 796 3676 hospicium
808 3597 1015 3660 Archidieconi
1027 3595 1230 3676 procumbunt

339 3797 646 3853 WENUNGBVRGH.
676 3783 793 3844 Vicetia
811 3784 845 3843 in
864 3783 983 3845 ecclesis
1009 3783 1045 3842 de
1067 3781 1304 3861 Wsnlingbusgh
1323 3802 1379 3861 que

278 3869 323 3926 cst
342 3864 456 3926 sbbetie
476 3870 506 3926 et
526 3869 686 3926 conventus
705 3865 861 3941 Croylund'
874 3865 1024 3928 exdudum
1043 3864 1177 3926 ordinets
1195 3865 1330 3926 consistit
1348 3865 1381 3926 in

278 3951 341 4006 toto
363 3946 501 4023 umegio
514 3950 544 4006 et
556 3945 590 4006 iu
602 3947 738 4006 omnibus
757 3946 880 4006 minutis
899 3946 1019 4006 decimis
1039 3951 1068 4005 et
1081 3945 1250 4006 indimidio
1268 3946 1381 4022 virgste

278 4033 353 4088 terre
383 4047 450 4087 cum
478 4045 578 4088 menso
607 4046 660 4104 pro
687 4047 745 4104 quo
771 4028 903 4088 vicarius·
922 4027 1041 4086 reddere
1068 4027 1155 4088 debet
1182 4027 1282 4088 ebbsti
1304 4029 1381 4088 siout

278 4109 414 4170 monachi
426 4109 530 4169 dicunt
549 4127 592 4168 vs.
608 4109 761 4168 annuatim
774 4113 805 4169 et
817 4107 974 4169 sustinebit
987 4107 1077 4170 sbbus
1090 4107 1188 4170 omnis
1201 4127 1288 4170 onem
1300 4107 1380 4169 illius

278 4189 395 4250 ecclesie
407 4190 507 4250 debite
519 4193 549 4249 et
561 4195 706 4250 consuetu

516 4292 1137 4346 1nuneinsumas-“isonestonum·pertusensem.n
