3258 5096
273 453 316 520 96
661 465 767 522 blm
786 467 964 532 ffllQUllb

327 610 550 669 onocsoto
569 611 617 666 DE
639 613 811 668 mouent

333 677 479 740 Omnibus
492 675 544 736 dtu
589 673 689 752 Quum
701 677 751 754 pia
764 677 842 738 iacta
851 675 983 738 fidelium
992 675 1082 756 digno
1095 679 1166 736 suut
1176 677 1375 754 prosequenda

274 759 384 832 iavore,
397 756 548 818 Noveritis
561 757 641 836 quod
653 776 707 818 nos
720 757 942 818 advocacionem
954 757 1073 818 ecclesie
1092 757 1131 817 de
1140 757 1274 818 Kaburu'
1287 779 1375 836 quam

272 839 423 902 Gilbertus
445 839 483 899 de
505 837 645 898 Turribus
665 839 790 900 eontulit
809 838 921 898 Abbati
941 842 971 898 et
984 837 1141 900 canonicis
1162 839 1199 900 de
1219 839 1375 918 Grimesby

271 923 348 983 siout
360 919 574 982 racionabiliter
586 919 663 980 iacta
674 919 741 998 (010)
752 925 797 979 set
810 938 944 979 concessa
956 923 987 978 et
1000 925 1078 979 carta
1091 919 1239 980 donatoris
1252 921 1375 999 predicti

271 1003 447 1078 confirmate,
460 1001 502 1062 eis
513 1005 661 1060 auctorate
674 999 829 1078 episcopali
841 999 1052 1062 confirmamus.
1088 1001 1185 1064 Salvis
1194 1001 1228 1061 in
1238 1002 1375 1062 omnibus

271 1085 318 1146 bc.
353 1083 394 1144 Et
403 1087 439 1144 ut
448 1081 503 1142 bec
512 1081 694 1146 confirmacio
705 1081 757 1142 &a
792 1081 931 1142 Testibus
943 1079 1372 1157 J.ArcbidiaconoBedsiord’‚

270 1165 383 1224 'l'boma
408 1164 446 1225 ds
472 1162 644 1237 Fislrerton',
669 1163 818 1239 Magistris
841 1161 878 1222 R„
903 1163 940 1222 ds
964 1162 1079 1224 Grauel’
1100 1168 1130 1223 01
1149 1162 1199 1224 W.
1223 1163 1262 1223 de
1284 1163 1374 1224 Well’

271 1245 417 1308 canonicis
440 1244 532 1318 Linc',
554 1242 635 1304 Will.
661 1243 698 1304 de
722 1242 919 1322 Keynesham'
944 1247 974 1304 et
997 1243 1125 1304 Radnlio
1148 1243 1186 1304 de
1206 1243 1373 1306 Warravill'

236 1369 241 1376 -
270 1327 416 1388 canonicis
429 1323 566 1398 Wsllsn',
579 1329 609 1385 et
633 1323 752 1384 Olirero
765 1323 802 1385 ds
816 1323 929 1386 Chedn'
942 1323 1044 1386 clerieo
1068 1329 1099 1386 et
1121 1325 1194 1386 aliis
1231 1325 1302 1386 Dat’
1321 1345 1374 1403 per

271 1427 391 1468 uranum
414 1405 450 1468 R
465 1405 503 1466 de
527 1403 618 1468 Oestr'
637 1405 796 1466 subdecani
818 1404 900 1466 Linc'
920 1405 1000 1484 apud
1023 1405 1207 1468 lincolniam
1231 1407 1264 1486 iij
1291 1407 1369 1468 Non.

271 1488 294 1550 J
295 1489 347 1568 nlij
362 1487 550 1568 pontificatus
562 1486 655 1546 nostri
668 1505 745 1546 anno
763 1493 806 1547 ¹⁰.

329 1647 368 1701 lbi
391 1645 507 1701 MARG‘
528 1644 767 1699 wanotnovs

332 1708 478 1770 Omnibus
491 1709 537 1768 10
581 1707 705 1769 Noverit
717 1707 891 1768 universitas
903 1709 1000 1768 vestra
1013 1725 1066 1768 nos
1079 1707 1117 1768 de
1133 1727 1252 1770 osseum
1265 1709 1373 1786 Rogati

271 1789 383 1850 Decsni
397 1797 426 1850 et
440 1780 570 1868 Capituli
583 1789 676 1849 nostri
689 1789 771 1848 Linc'
785 1789 957 1848 concessisse
976 1794 1006 1848 et
1026 1791 1154 1867 presenti
1173 1796 1252 1850 carta
1270 1792 1372 1850 000110·-

270 1889 363 1932 masse
376 1870 491 1931 dilectis
503 1871 537 1930 in
550 1869 668 1932 Christo
688 1869 758 1930 filiis
772 1869 889 1930 'Abbati
908 1873 940 1929 et
958 1869 1129 1931 Conventni
1147 1870 1185 1932 de
1206 1871 1319 1932 Rames'
1338 1873 1371 1932 in

270 1971 342 2012 nans
354 1951 551 2012 elemosinaria
570 1951 702 2028 ejusdem
721 1950 825 2010 domus
847 1947 898 2031 [fo.
916 1948 980 2033 30⁵]
995 1955 1054 2010 tres
1067 1970 1176 2011 marcas
1196 1952 1234 2013 de
1253 1953 1372 2013 eeclesia

271 2033 308 2094 de
318 2033 498 2110 Wardeboys
508 2033 627 2092 nomine
639 2032 773 2110 perpetui
785 2031 920 2091 beneficii
933 2050 985 2108 per
994 2051 1097 2092 manns
1107 2051 1229 2110 persons
1242 2035 1372 2110 ejusdem

270 2114 388 2176 ecclesie
448 2118 550 2192 rpetuo
573 2113 772 2192 percipiendas
795 2131 868 2189 quas
890 2113 1069 2190 abantiquo
1090 2115 1235 2192 percipere
1255 2133 1372 2174 consue

270 2199 384 2256 verunt.
435 2195 509 2254 alvis
519 2193 552 2254 in
562 2194 697 2252 omnibus
707 2194 754 2254 tre.
783 2193 823 2253 Et
833 2197 867 2254 ut
877 2193 930 2253 heo
940 2197 1038 2254 nostru
1048 2195 1192 2254 concessio
1202 2201 1372 2272 perpetuam

207 2294 211 2307 ·
271 2275 402 2354 optineat
415 2274 581 2334 firmitatem
601 2293 718 2352 presens
737 2275 878 2351 scriptum
897 2274 993 2352 sigillo
1006 2279 1105 2335 nostro
1123 2295 1183 2334 una
1195 2295 1263 2336 cum
1276 2277 1372 2354 sigillo

270 2357 502 2434 Capitolinostri
510 2353 593 2415 Lino'
601 2355 739 2414 duximus
748 2353 947 2414 muniendum.
979 2354 1114 2416 Testibus
1122 2357 1235 2435 Rogero
1243 2357 1372 2431 Decano,

271 2437 308 2498 G.
330 2437 509 2510 Promotum,
523 2434 559 2496 R.
582 2435 768 2509 cancellario,
784 2433 813 2495 J.
832 2435 1045 2496 Archidiaoono
1066 2436 1173 2512 Stowe,
1188 2438 1315 2516 Hugoue
1335 2437 1372 2498 (10

271 2517 301 2580 Β.
313 2517 465 2591 Eduardo,
477 2517 625 2594 Magistris
634 2516 682 2577 W.
694 2515 733 2575 fil’
745 2515 891 2596 Fuloonie,
903 2517 941 2578 R.
951 2517 988 2577 de
998 2517 1106 2592 Holm'‚
1118 2517 1153 2579 R
1167 2518 1203 2579 de
1216 2519 1372 2580 Lindwud'

271 2603 302 2660 et
314 2597 352 2660 A.
368 2597 404 2658 (10
416 2597 445 2660 Β.
461 2597 627 2669 Edmundo,
641 2597 773 2657 Waltero
787 2597 891 2658 Blu'do
911 2601 942 2657 et
962 2599 998 2658 R.
1013 2599 1050 2659 de
1065 2599 1193 2660 Bristoll'
1206 2601 1370 2678 capellanis,

271 2679 305 2742 P.
331 2679 368 2739 de
391 2677 500 2756 Hung',
523 2678 572 2739 W.
598 2677 634 2738 de
658 2676 773 2753 Aualu',
788 2679 823 2738 R
850 2679 886 2739 de
910 2679 1019 2740 Bohun
1038 2685 1068 2740 et
1089 2681 1123 2741 P.
1138 2681 1176 2742 de
1197 2681 1371 2743 Chen'mout

272 2759 417 2822 canonicis
430 2759 512 2822 Line'
525 2765 554 2819 01
569 2758 603 2820 Ο.
619 2759 656 2818 (10
669 2757 781 2820 Chedn’
795 2759 905 2820 clerico.
949 2760 1019 2820 Det'
1029 2781 1080 2840 per
1093 2781 1197 2822 manns
1209 2761 1320 2822 Thema
1334 2761 1371 2822 (10

271 2841 426 2903 Fiskerton
439 2841 581 2919 capellani
592 2839 724 2902 canonici
737 2839 818 2902 Linc'
832 2840 912 2920 apud
924 2838 1006 2902 Lino'
1019 2843 1062 2920 xij
1076 2841 1134 2904 kal
1148 2840 1277 2922 Augusti
1289 2843 1371 2922 pout'

271 2923 364 2984 nostri
378 2941 455 2984 anno
471 2929 514 2985 ιο.

334 3099 385 3154 (ιω
408 3097 523 3154 mano·
550 3083 586 3146 de
611 3083 728 3146 00010010
754 3083 790 3146 de
817 3085 987 3162 Bemetteby
1005 3097 1075 3146 'ooo
1100 3103 1165 3148 eom
1184 3085 1372 3150 odvooooiom

270 3167 383 3228 acoleoie
394 3167 529 3244 predicte.
1374 3179 1377 3183 ·

331 3247 486 3308 Universis
509 3247 556 3308 do
597 3247 722 3308 Noverit
748 3245 923 3308 universitas
945 3252 1042 3308 vestra
1063 3267 1118 3308 nos
1142 3247 1179 3308 de
1203 3267 1322 3308 assensu
1341 3253 1372 3309 st

270 3327 422 3390 voluntate
436 3327 607 3388 dilectorum
620 3327 746 3388 filiorum
760 3329 866 3406 Rogeri
879 3328 992 3390 Decani
1005 3333 1034 3390 et
1045 3329 1176 3407 Capituli
1188 3330 1281 3390 nostri
1290 3329 1372 3389 Linc'

271 3409 384 3470 dedisse
398 3413 428 3468 et
448 3409 619 3468 concessisse
640 3409 754 3469 dilectis
767 3409 800 3468 in
820 3410 938 3471 Christo
957 3409 1026 3468 filiis
1046 3410 1140 3469 Priori
1154 3414 1184 3470 st
1206 3410 1373 3471 couventui

272 3489 308 3550 de
322 3491 353 3549 N
353 3508 408 3550 ovo
423 3489 499 3550 loco
513 3489 624 3550 ordinis
637 3490 674 3549 de
685 3490 909 3568 Sempingebem
922 3489 993 3568 iiijor
1006 3509 1114 3551 marces
1128 3510 1240 3551 annuas
1253 3491 1372 3552 nomine

271 3569 406 3630 beneficii
418 3569 455 3630 (10
468 3570 588 3630 ecelesia
600 3571 638 3630 de
651 3571 829 3648 Bernetteby
842 3590 893 3650 per
909 3589 1013 3631 manus
1025 3571 1161 3650 Magistri
1181 3571 1315 3650 Hugonis
1335 3571 1372 3633 (10

272 3649 401 3712 Duileld’
421 3669 542 3730 persone
561 3651 653 3730 ipsius
673 3651 791 3710 ecclesie
811 3651 951 3728 quamdiu
978 3651 1086 3712 vixerit
1113 3653 1311 3731 percipiendae
1342 3658 1373 3714 et

271 3737 399 3810 pretores
412 3731 598 3792 medietatem
618 3731 654 3792 de
674 3731 794 3792 decimis
813 3733 965 3809 garbarum
985 3731 1023 3792 (10
1041 3733 1095 3811 xiij
1117 3733 1233 3794 bevotis
1251 3738 1326 3794 terre
1339 3736 1373 3794 in

272 3813 450 3890 Bsmetteby
462 3831 563 3872 versus
577 3811 717 3872 orientem
731 3817 762 3872 et
774 3813 925 3872 meridiem
937 3813 1056 3873 nomine
1074 3814 1209 3876 1000011011
1228 3820 1291 3875 1010
1310 3816 1374 3876 vita

271 3895 395 3974 predicti
421 3895 557 3972 Hugonis
580 3893 790 3970 possidendam.
837 3893 1039 3955 concessimus
1052 3896 1143 3956 eciam
1156 3894 1193 3955 de
1205 3915 1324 3957 assensu
1343 3902 1375 3957 st

271 3977 423 4038 voluntate
436 3975 579 4036 dictorum
593 3975 705 4034 Deceni
718 3979 749 4034 et
760 3974 892 4051 Capituli
905 3976 998 4035 nostri
1011 3975 1093 4036 Linc’
1107 3976 1215 4036 eisdem
1228 3978 1324 4038 Priori
1343 3983 1373 4038 01

273 4057 441 4120 Conventui
454 4061 547 4118 totam
566 4055 750 4116 medietatem
770 4055 899 4135 predicte
919 4057 1037 4117 ecclesie
1057 4058 1095 4118 de
1115 4058 1294 4136 Bemetteby
1306 4063 1373 4138 post

272 4138 421 4200 decessum
447 4138 571 4217 predicti
597 4137 733 4214 Hugonis
759 4137 792 4197 in
812 4155 883 4196 usus
910 4139 1040 4216 proprios
1063 4139 1194 4217 ipsorum
1214 4139 1323 4200 Prioris
1343 4144 1373 4200 01

272 4218 443 4281 Conventus
470 4219 588 4280 nomine
614 4218 748 4296 perpetui
773 4218 908 4280 beneficii
933 4220 1166 4282 convertendam.
1217 4220 1267 4281 Ita
1292 4219 1374 4299 quod

272 4304 382 4362 extunc
404 4299 534 4380 predicte
556 4318 654 4360 annue
677 4299 785 4360 soluoio
809 4299 854 4378 iiij
878 4319 1038 4362 marearum
1061 4302 1184 4364 cessabit
1202 4303 1321 4364 omniuo
1343 4306 1373 4364 01
