3258 5096
278 485 320 550 58
665 497 770 556 usna
790 501 968 566 Arulenus

231 675 235 688 ·
277 649 384 712 sicoris
393 653 489 710 totum
498 648 668 726 omagium
679 653 709 709 st
718 649 840 710 habebit
850 649 888 710 ds
897 650 1052 712 modistats
1062 650 1165 729 prioris
1175 655 1205 712 st
1213 657 1375 714 convontus

278 729 335 814 [so.
352 727 414 814 17¹]
436 731 473 792 ds
493 730 576 792 Sixls
603 731 770 808 quindecim
796 731 905 792 solidos
931 733 1016 793 cortis
1039 733 1172 794 torminis
1196 734 1375 811 recipiendos

276 819 306 874 st
341 811 522 872 tantumdem
555 812 675 890 rocipist
708 811 746 872 ds
778 813 933 873 msdistats
962 812 1066 892 prioris
1095 819 1126 874 st
1151 819 1312 874 convontus
1339 814 1376 877 ds
1472 859 1475 864 -

275 893 428 970 Marksby.
471 893 511 954 Et
533 893 592 972 ipsi
615 892 725 971 priores
748 898 779 954 st
802 899 964 955 convontus
987 895 1184 972 procurabunt
1210 895 1375 973 hospicium

274 974 482 1036 Archidiaooni
509 979 540 1035 st
565 978 660 1035 ostona
686 993 773 1034 onsra
796 979 858 1034 tam
878 975 1022 1036 ordinaris
1041 994 1129 1053 quam
1149 976 1375 1036 extraordinaria

273 1055 469 1116 sustinebunt
511 1055 552 1116 Et
578 1053 776 1133 providebunt
802 1056 909 1116 vicario
937 1055 974 1116 ds
1000 1057 1085 1116 tofto.
1128 1056 1169 1117 Et
1195 1061 1241 1116 est
1267 1058 1374 1117 vicatia

273 1137 363 1197 trium
382 1156 550 1216 ,marcarum
576 1143 607 1197 st
633 1137 761 1198 dimidio.
808 1137 893 1197 Prior
918 1143 949 1196 ot
975 1141 1137 1198 convontus
1163 1137 1200 1198 dc
1228 1137 1373 1215 Marlrsby

274 1217 438 1279 concedunt
461 1217 498 1278 do
522 1237 575 1278 sua
596 1218 750 1278 modiotats
771 1218 889 1278 occlusis
909 1219 1070 1278 Willislmo
1084 1220 1190 1279 vicario
1208 1225 1372 1297 presentato

273 1318 326 1377 por
337 1299 454 1360 cosdem
474 1319 574 1360 omncs
595 1299 758 1360 oblaciones
778 1305 808 1360 at
827 1299 1020 1360 obvencionss
1035 1300 1188 1360 hominum
1201 1319 1319 1360 suorum
1339 1301 1372 1360 in

274 1380 376 1441 uadem
388 1381 460 1440 villa
472 1381 656 1442 mansnoium
666 1386 696 1441 st
705 1385 834 1458 proterea
847 1381 972 1441 decimas
985 1381 1067 1441 bladi
1080 1381 1117 1442 do
1130 1381 1245 1440 duabus
1257 1381 1372 1442 boratis

274 1466 357 1536 torro,
370 1462 480 1523 scilicet
502 1463 576 1540 xviij
600 1463 674 1522 acris
697 1481 769 1540 quus
782 1462 923 1522 Ricardua
936 1463 973 1523 do
986 1462 1129 1522 Binobroc
1142 1462 1212 1522 colit
1225 1463 1257 1522 in
1271 1463 1371 1522 cadom

273 1543 353 1618 villa,
368 1543 458 1604 sciam
471 1544 509 1605 da
523 1549 648 1622 quatuor
660 1545 732 1603 aon's
745 1563 817 1622 quas
830 1543 951 1603 Aduina
962 1543 1023 1603 filia
1037 1543 1127 1604 Gods'
1140 1543 1249 1604 excolit
1261 1543 1371 1604 ibidem

273 1624 405 1702 quolibet
417 1644 495 1686 anno
518 1627 546 1686 si
569 1630 697 1703 temporo
717 1625 872 1703 autumpni
887 1624 1086 1702 percipiendas
1100 1629 1130 1685 ot
1143 1645 1163 1686 r
1176 1624 1284 1686 sohdos
1297 1643 1371 1704 quos

272 1706 300 1766 si
313 1705 352 1766 ad
365 1706 474 1768 isstum
488 1705 518 1768 Β.
534 1707 677 1785 Botulphi
690 1705 805 1767 dabunt
818 1706 855 1766 ds
868 1705 988 1768 Camers
1000 1724 1060 1766 sua

331 1881 437 1938 WEST
460 1881 670 1938 ΤΙΒΒΙΝΤΟΝ.
710 1868 827 1930 Vioaria
845 1868 879 1928 in
898 1868 1016 1930 ccclesia
1032 1867 1069 1928 ds
1084 1867 1296 1928 Wastirrinton
1313 1885 1371 1946 qus

273 1953 318 2009 sot
339 1950 444 2028 prioris
467 1954 498 2010 st
520 1955 681 2011 convontus
704 1950 741 2010 ds
765 1951 919 2012 Bullinton
943 1949 1077 2010 consistit
1096 1949 1129 2008 in
1149 1953 1213 2010 toto
1233 1949 1370 2026 altaragio

273 2035 369 2108 prator
393 2031 490 2092 linum
516 2035 546 2090 st
571 2031 605 2090 in
631 2029 750 2092 decimis
776 2031 908 2092 omnium
940 2032 1097 2092 oroftorum
1129 2035 1159 2090 ot
1192 2031 1226 2090 in
1251 2030 1371 2091 decimis

273 2111 426 2188 garbarum
439 2117 563 2191 quatuor
574 2112 746 2174 bovatarum
769 2119 843 2174 tarro
860 2113 898 2171 ‚in
918 2113 1018 2172 sadom
1031 2112 1110 2172 villa.
1154 2111 1234 2188 Quas
1246 2116 1371 2190 quatuor

273 2193 394 2254 bovatas
407 2199 509 2254 tenent
521 2193 648 2254 Thomas
658 2195 780 2255 Mustsil
789 2201 819 2254 ot
829 2194 954 2253 Thomas
963 2194 1003 2254 fil'
1014 2193 1114 2267 Hunc,
1126 2193 1235 2254 scilicet
1245 2193 1370 2253 Thomas

274 2273 397 2334 Mustsil
419 2280 478 2336 tros
497 2275 627 2348 bovatas,
651 2279 682 2334 st
704 2275 830 2336 Thomas
852 2275 892 2334 fil'
917 2274 1008 2334 Hullc
1029 2293 1119 2334 unam
1138 2275 1293 2335 bovatam:
1314 2294 1371 2352 qua

272 2353 379 2416 bovas
391 2356 499 2416 vicario
511 2361 582 2416 sunt
594 2355 746 2434 assignata.
788 2357 829 2416 Et
841 2355 914 2416 dicti
932 2356 1011 2434 prior
1023 2359 1054 2415 st
1067 2360 1228 2416 conventus
1240 2375 1372 2434 procura-

272 2435 349 2496 bunt
383 2436 548 2515 hospicium
580 2436 788 2498 Archidiaconi
821 2441 852 2497 st
885 2441 980 2497 cetera
1012 2455 1100 2498 onera
1133 2437 1166 2496 in
1198 2441 1371 2514 perpetuum

272 2517 459 2578 sustinebunt
473 2523 503 2578 st
515 2517 712 2595 providebunt
732 2517 840 2578 vicario
861 2518 898 2578 do
917 2517 1001 2578 tofto.
1043 2518 1084 2578 Et
1104 2523 1148 2578 cst
1161 2519 1268 2579 vicaria
1281 2519 1373 2578 trium·

271 2615 432 2660 marcarum
444 2603 474 2660 st
487 2597 617 2660 dimidio.
730 2631 734 2638 ·

334 2773 545 2831 ιΑΝρετοΝ,
572 2759 689 2820 Vinaria
700 2759 734 2819 in
747 2759 865 2820 occlusis
874 2759 911 2820 ds
921 2759 1073 2839 Langstou
1086 2780 1143 2840 qno
1155 2765 1200 2821 ost
1213 2760 1370 2820 sornndom

272 2842 406 2902 consistit
425 2842 459 2902 in
478 2847 541 2903 toto
561 2841 698 2918 altaragio
720 2859 786 2900 cum
807 2841 884 2902 tofto
904 2842 1094 2919 assignando:
1118 2846 1149 2903 st
1167 2842 1226 2921 ipsi
1244 2843 1323 2920 prior
1340 2846 1371 2902 ct

272 2927 433 2984 convontus
446 2923 642 3002 procurabunt
653 2922 817 3000 hospicium
829 2921 1036 2984 Archidiaconi
1055 2930 1086 2985 ct
1104 2928 1198 2984 ostsra
1210 2942 1297 2984 onera
1309 2927 1371 2983 tam

273 3003 418 3065 orthmaria
450 3023 539 3083 quam
573 3003 799 3066 extraordinaria
828 3003 1024 3066 sustinebunt
1079 3004 1119 3066 Et
1146 3010 1189 3065 ast
1216 3004 1323 3065 vicano
1350 3023 1370 3064 r

273 3101 441 3148 marcarum.

334 3261 559 3316 ΡΒΕεΚΕΝΕΥ.
606 3247 724 3308 Vinaria
749 3247 783 3307 in
810 3247 930 3308 scolaria
962 3247 999 3307 do
1031 3246 1207 3308 Fresksnsia
1238 3265 1295 3324 qus
1327 3251 1370 3307 sot

271 3328 428 3388 sorundsm
447 3326 580 3388 consistit
599 3327 632 3387 in
651 3331 713 3389 toto
732 3329 871 3406 altaragio
891 3333 986 3407 prator
1004 3329 1049 3389 sal
1068 3349 1135 3391 oum
1154 3329 1290 3389 domibus
1309 3328 1370 3388 suis

268 3409 356 3486 juxta
375 3409 524 3469 ecclesiam
543 3414 574 3469 ct
593 3429 659 3469 cum
679 3429 738 3470 una
757 3409 828 3470 roda
847 3415 922 3470 terra
941 3410 980 3470 ad
1000 3409 1192 3488 curtilagium,
1222 3409 1370 3470 reddendo

271 3489 341 3550 indo
367 3490 520 3550 annuatim
545 3490 683 3567 predictis
716 3491 860 3569 prioribus
887 3489 954 3574 (sic)
980 3496 1012 3551 et
1034 3491 1227 3553 conventibus
1254 3489 1321 3570 (sio)
1348 3509 1370 3550 x

271 3571 521 3664 maroasurgsnti:
543 3571 643 3650 stipsi
657 3571 766 3649 prioros
779 3577 809 3632 ot
822 3576 984 3633 convontus
996 3573 1193 3649 procurabunt
1205 3572 1370 3649 hospicium

270 3651 477 3794 Arllpgridraooni
490 3656 521 3712 ct
533 3657 626 3712 ostara
645 3671 732 3714 onsrs
750 3653 849 3714 omnia
867 3653 1062 3715 sustinebunt
1104 3653 1146 3714 Et
1165 3658 1210 3714 ast
1222 3653 1368 3716 ummo

269 3751 302 3794 so
345 3751 435 3794 orum.

333 3908 559 3964 ΒυιΙΝΘΤΟΝ.
605 3895 724 3955 Vinaria
758 3895 792 3955 in
824 3895 943 3956 ccclesia
976 3895 1013 3956 do
1046 3896 1201 3956 Bullinton
1235 3915 1293 3975 qus
1326 3899 1370 3956 ost

269 3976 415 4040 dictorum
449 3977 553 4055 prioris
579 3981 610 4037 ct
635 3982 796 4037 convontus
823 3977 860 4037 dc
893 3977 1049 4038 Bullinton
1084 3977 1218 4038 consistit
1244 3979 1278 4036 in
1305 3981 1369 4038 toto

268 4058 406 4136 ulmragio
429 4062 525 4136 pretor
544 4057 640 4118 linum
662 4063 693 4118 ot
715 4063 811 4136 prator
834 4059 931 4119 exitus
954 4057 1130 4118 decimarum
1153 4059 1232 4118 ouria
1255 4059 1369 4119 domini

195 4213 200 4224 ἱ
268 4139 403 4218 Philippi
425 4140 463 4199 da
486 4139 587 4216 Kyma
609 4138 687 4218 apud
711 4139 874 4213 Golthows,
888 4144 919 4200 at
937 4138 971 4198 in
984 4139 1104 4199 docimis
1130 4140 1283 4216 garbarum
1303 4145 1369 4200 octo

268 4221 440 4282 bovatarum
459 4225 535 4280 torro
554 4239 627 4298 quas
646 4219 743 4282 Adam
764 4219 1066 4294 subcontrarium,
1085 4221 1147 4280 Ric'
1160 4221 1201 4280 ffl’
1215 4219 1367 4294 hamund,

269 4299 741 4380 Gilbsrtusfil’Agn',Willislmus
749 4301 850 4379 Staio,
859 4301 1038 4363 Willialmus
1046 4301 1368 4376 fil'Wsrin',Ricardus
