3258 5096
298 491 340 558 62
545 591 572 616 ...
686 507 792 562 maun
813 489 991 573 annones

360 671 550 728 ΒεηοΗΑΜ,
590 655 708 718 Vicetia
722 655 755 718 in
770 657 889 718 ecclesia
904 657 942 718 de
956 657 1098 718 Bocchum
1110 675 1169 736 que
1182 662 1227 720 set
1240 660 1398 722 eorundem

297 741 431 802 consistit
443 740 476 800 in
487 744 550 799 toto
562 738 700 814 altacegio
707 743 736 798 ot
743 738 777 798 in
786 739 916 816 quinque
929 739 1082 816 quartesiis
1092 739 1232 800 frumenti
1243 743 1399 818 peccabilis

296 827 327 884 et
350 824 384 882 in
407 839 466 881 uno
487 819 632 902 quartario
654 819 735 880 ordei
756 820 912 896 peccabilis
938 826 970 881 et
988 822 1022 880 in
1048 840 1108 880 uno
1134 824 1279 899 quartario
1308 843 1399 884 avens

297 901 453 982 peccabilis
476 901 628 962 annuatim
643 900 681 960 de
700 900 787 961 dictis
804 900 920 962 Abbste
934 907 965 962 et
977 907 1124 963 conventu
1137 903 1347 981 percipiendis:
1368 911 1398 966 et

296 985 356 1064 ipsi
381 984 484 1044 Abbas
510 987 541 1043 et
566 986 728 1043 conventus
754 983 951 1060 procurabunt
963 983 1128 1060 hospicium
1147 984 1355 1046 Archidiaconi
1368 992 1398 1046 et

296 1071 390 1126 cetera
422 1083 510 1125 nnete
543 1064 577 1123 in
609 1067 782 1141 perpetuum
814 1064 1003 1124 emtinebunt
1034 1069 1130 1142 preter
1163 1065 1306 1126 sinodalia
1341 1086 1398 1145 que

295 1146 498 1208 tantummodo
517 1145 642 1206 vicarius
655 1143 749 1206 solvet
761 1145 912 1206 annuatim
925 1150 955 1205 et
968 1144 1164 1223 providebunt
1177 1146 1251 1207 dicti
1263 1147 1353 1208 abbas
1367 1153 1396 1209 et

296 1232 458 1290 conventus
471 1226 578 1288 sicario
592 1225 629 1286 de
642 1226 725 1286 tofto.
769 1225 808 1286 Et
821 1232 866 1288 est
878 1226 986 1286 vicaria
998 1227 1041 1304 iiij
1057 1245 1224 1288 marcarum
1234 1299 1255 1334 Ι

356 1403 498 1459 ετονιΑ,
538 1387 655 1450 vicaria
680 1387 713 1447 in
740 1387 860 1448 ecclesia
885 1387 923 1448 de
951 1387 1051 1450 Stowa
1076 1407 1134 1468 que
1160 1394 1205 1449 eet
1240 1391 1397 1451 eorundem

296 1471 431 1532 consistit
440 1471 472 1529 in
482 1474 546 1530 tota
555 1469 655 1541 eadem
665 1468 791 1544 ecclesia,
803 1469 943 1530 solvendo
952 1469 1022 1530 inde
1032 1470 1185 1531 annuatim
1196 1470 1284 1531 dictis
1296 1471 1398 1534 abbati

296 1558 327 1612 et
345 1550 505 1613 conventui
523 1550 561 1611 de
580 1549 680 1613 Brune
699 1569 784 1627 mny
806 1550 923 1612 solidos
964 1551 1005 1611 Et
1023 1551 1087 1630 ipso
1102 1551 1227 1652 viparius
1240 1554 1397 1614 sustinebit

296 1633 394 1694 omnia
407 1651 495 1693 onere
507 1632 541 1692 in
553 1635 733 1710 perpetuum.

358 1807 588 1864 successus.
642 1791 760 1852 vicarie
788 1791 823 1852 in
853 1793 973 1854 ouen
1005 1793 1043 1854 n
1076 1793 1228 1854 annana
1261 1814 1319 1872 que
1353 1802 1398 1857 ec
1513 1767 1517 1774 ’

295 1875 454 1938 eorundem
466 1876 507 1935 sic
520 1879 564 1934 est
578 1873 718 1934 ordinata
760 1872 895 1934 Viceriue
908 1875 1029 1936 habebit
1040 1877 1159 1936 nomine
1174 1877 1281 1936 vicauie
1299 1882 1397 1938 totum

295 1957 465 2035 eltarcgium
485 1960 515 2016 et
535 1955 591 2016 tria
611 1955 757 2033 quartaria
776 1955 917 2016 frumenti
933 1957 1087 2034 peccabilis
1108 1959 1398 2034 unum'quertarium

295 2039 376 2099 ordei
388 2037 543 2116 peccabilis
562 2042 593 2097 et
612 2054 705 2095 unum
724 2037 902 2116 quartarium
915 2057 1005 2097 avene
1018 2037 1173 2116 peccabilis
1187 2040 1339 2098 annuatim
1360 2041 1396 2100 de

296 2119 383 2181 dictis
402 2118 508 2179 abbate
520 2123 551 2177 et
564 2123 710 2178 conventu
723 2117 926 2195 percipienda:
944 2120 1052 2197 stipsi
1075 2119 1165 2179 abhas
1185 2125 1215 2180 et
1235 2126 1397 2182 conventus

295 2201 394 2262 omnia
407 2218 495 2260 onere
508 2199 680 2277 episcopalia
693 2203 724 2258 et
733 2198 973 2259 archidiaconalia
981 2201 1015 2260 in
1024 2205 1198 2278 perpetuum
1208 2202 1396 2262 sustinebunt

296 2286 326 2342 et
338 2280 535 2360 providebunt
548 2280 655 2341 vicano
669 2279 706 2340 de
719 2280 804 2340 tofto.
847 2281 888 2341 Et
907 2285 950 2340 est
963 2281 1071 2342 vicaria
1083 2283 1173 2342 trium
1185 2301 1346 2344 marcemm
1367 2289 1397 2344 et

296 2363 427 2424 dimidie.

352 2536 631 2594 ·ΚΙῑ.υΙΝΘΗο1.Μ.
671 2521 789 2583 Vitanda
818 2522 852 2582 in
881 2523 1000 2584 ecclesia
1033 2523 1071 2584 de
1103 2523 1312 2604 Kiluingholm
1338 2545 1395 2604 que

296 2608 341 2666 sat
362 2604 477 2665 abbatia
502 2608 531 2664 et
555 2608 716 2664 conventus
739 2603 776 2664 de
802 2603 935 2664 Nenhus
959 2605 1092 2666 oemistit
1115 2606 1149 2666 in
1171 2611 1234 2668 tcto
1247 2607 1394 2685 altanagic,

296 2685 424 2764 exceptis
444 2683 564 2745 decimis
584 2703 723 2761 agnorum
736 2683 853 2759 oblano,
868 2685 984 2764 butyro,
999 2682 1055 2769 [s⁰·
1072 2685 1136 2769 18⁸]
1150 2706 1240 2762 caseo,
1259 2693 1289 2748 st
1301 2689 1395 2766 primo

294 2767 398 2846 legato.
459 2766 500 2827 Et
526 2765 652 2827 vicarius
677 2766 771 2827 solvet
803 2765 1005 2828 tantum‘medo
1031 2767 1182 2846 synodalia
1207 2773 1238 2828 et
1264 2770 1396 2831 inveniet

294 2847 450 2910 luminaria
478 2848 593 2926 stipsi
624 2847 715 2908 ebbae
748 2852 778 2908 et
810 2853 971 2909 conventus
1004 2850 1199 2927 pmcucebnnt
1232 2850 1396 2929 hospicium

295 2929 502 2991 Archidieconi
521 2933 551 2990 et
571 2932 665 2988 cetera
690 2933 857 2989 oneratam
883 2929 1027 2990 ordinaria
1053 2949 1142 3008 quam
1169 2932 1396 2992 extraordinarie

294 3012 328 3072 in
341 3017 513 3090 perpetuum
527 3010 714 3071 sustinebunt
734 3015 764 3071 et
782 3009 979 3088 providebunt
998 3012 1106 3073 vicario
1122 3009 1160 3071 de
1172 3013 1255 3074 tofto.
1298 3013 1338 3073 Et
1351 3017 1395 3072 est

296 3093 446 3171 noeriavy'
462 3110 629 3153 marcarum.

358 3267 519 3323 ΗΑΒυῃρ,
556 3252 674 3314 Vicetia
692 3253 726 3313 in
746 3253 864 3314 ecclesie
883 3252 920 3313 de
943 3253 1066 3332 Hebung
1084 3271 1142 3332 qne
1168 3259 1213 3315 est
1239 3255 1396 3316 eorundem

296 3336 429 3398 consistit
454 3335 488 3394 in
514 3339 577 3404 toto
610 3335 748 3413 altaregic
781 3335 910 3414 exceptis
942 3334 1062 3395 decimis
1092 3335 1159 3395 lane
1185 3341 1215 3396 et
1241 3337 1396 3397 medietate

295 3417 471 3477 decimarum
484 3435 631 3493 agnorum
673 3409 714 3476 Et
723 3416 781 3494 ipsi
793 3415 896 3477 Abbas
906 3419 935 3476 et
945 3421 1107 3477 conventus
1116 3416 1231 3477 solvent
1243 3419 1396 3494 synodalia

295 3503 326 3558 et
351 3497 547 3576 procurabunt
573 3497 736 3576 hospicium
763 3497 969 3558 Archidieooni
992 3501 1022 3556 et
1045 3499 1143 3558 omnia
1166 3497 1223 3558 elia
1250 3517 1337 3560 onere
1363 3500 1396 3558 in

294 3583 467 3657 perpetuum
486 3579 681 3638 sustinebunt
724 3579 854 3638 Habebit
880 3582 978 3638 eutem
1004 3578 1129 3640 vicarius
1155 3580 1265 3640 toftum
1283 3579 1318 3640 in
1337 3599 1395 3658 quo

295 3660 381 3720 modo
395 3659 509 3720 residet.
551 3658 591 3720 Et
604 3663 649 3720 est
661 3660 768 3720 vicaria
780 3659 814 3718 lx
826 3657 993 3720 solidorum.

358 3834 550 3890 κιῃΜὟοΝ,
603 3821 721 3882 Vicetia
761 3821 794 3880 in
835 3821 954 3880 ecclesia
995 3821 1032 3880 ds
1073 3819 1228 3882 Kerm'ton
1261 3841 1318 3900 qne
1351 3828 1396 3883 eat

295 3903 452 3963 eorundem
479 3902 612 3963 consistit
638 3904 672 3961 in
697 3906 760 3963 toto
794 3901 938 3979 eltaragio,
966 3900 1115 3962 reddendo
1141 3903 1213 3981 ipsis
1239 3903 1340 3964 abbati
1366 3907 1396 3964 et

295 3983 453 4046 conventui
476 3985 628 4044 annuatim
651 4003 694 4044 xx
719 3983 835 4058 solidos,
859 3983 969 4044 scilicet
992 3983 1030 4042 ed
1052 3983 1161 4043 festum
1185 3983 1214 4045 S.
1240 3984 1350 4045 Botulfi
1373 4004 1396 4044 x

294 4066 410 4138 solidos,
436 4068 467 4124 ot
489 4065 527 4125 ed
549 4065 656 4126 foetum
685 4065 714 4126 S.
741 4065 863 4126 Martini
886 4084 908 4123 x
931 4064 1047 4125 solidos.
1089 4065 1129 4124 Et
1153 4065 1278 4126 vicarius
1301 4066 1396 4126 solvet

292 4146 497 4208 tantummodo
519 4147 677 4222 synodalia,
699 4151 730 4207 et
750 4147 822 4207 dicti
848 4145 938 4206 abbas
957 4151 986 4204 et
1013 4151 1174 4206 conventus
1200 4147 1397 4224 procurabunt

294 4227 458 4305 hospicium
471 4227 685 4302 Archidiaconi,
701 4233 731 4288 et
750 4229 848 4287 omnia
867 4227 925 4288 elia
941 4245 1029 4287 onera
1040 4227 1260 4305 inperpetuum
1274 4230 1396 4288 sustine

294 4310 378 4369 bunt.
422 4307 554 4367 Habebit
573 4313 671 4376 autem
690 4309 815 4369 nonus
835 4309 944 4370 toftum
964 4309 1112 4386 pertinens
1132 4307 1170 4368 ed
1190 4310 1348 4384 ecclesiam,
1362 4310 1395 4368 in

258 4417 268 4428 -
295 4409 354 4470 quo
366 4388 491 4450 vicarius
504 4389 591 4449 modo
604 4393 709 4450 manet.
752 4389 792 4449 Et
806 4395 849 4451 est
862 4391 970 4452 vicaria
982 4409 1002 4450 v
1015 4408 1182 4452 manarum.
