3246 5096
265 509 284 572 6
650 521 755 574 uleus
776 521 954 584 mlouus

266 671 430 752 pertinente
461 674 491 730 st
516 671 551 730 in
575 687 676 730 manso
702 687 769 730 cum
792 668 886 730 crofta
907 669 941 729 in
966 687 1025 746 quo
1048 667 1214 748 optusum
1237 671 1368 749 ejusdem

266 752 385 814 ecclesie
398 769 513 810 manere
527 751 678 812 consuevit
690 755 720 810 et
733 751 767 809 in
779 749 899 810 decimis
918 750 981 811 feni
994 751 1031 812 de
1044 755 1108 812 toto
1121 751 1276 830 villenagio
1290 757 1320 812 et
1334 754 1368 813 in

268 833 387 895 decimis
400 830 632 894 molendinorum
648 836 678 892 et
691 830 780 892 unius
792 832 902 906 virgata
913 835 987 892 terre
1000 851 1088 910 quam
1101 831 1174 892 dicti
1187 834 1318 894 canonici
1331 833 1368 894 de

267 921 342 976 terre
368 913 498 989 ejusdem
532 913 649 974 ecclsem
682 917 792 972 tenent
834 912 968 973 Vicarius
1003 918 1101 974 autem
1130 914 1224 974 solvet
1252 919 1369 974 tautum

200 1027 213 1054 ι
268 994 417 1068 sinodalia
445 993 518 1054 dicti
544 999 643 1054 autem
668 992 770 1054 Abbus
798 997 829 1054 et
857 993 1029 1056 Conventus
1061 995 1159 1055 omnia
1191 995 1249 1056 etia
1282 1014 1368 1056 onera

268 1077 446 1138 sustinentes
459 1074 621 1154 hospicium
633 1074 841 1135 Arohidisconi
855 1075 1059 1153 procurabunt
1101 1075 1142 1136 Et
1151 1076 1193 1136 sic
1202 1077 1281 1138 valet
1290 1077 1369 1137 dicte

268 1159 375 1221 vicano
387 1156 518 1235 quinque
531 1156 624 1218 maro’.
667 1155 778 1216 Totatis
791 1159 889 1217 eutem
902 1155 1019 1216 ecclesis
1032 1157 1074 1234 xij
1090 1156 1183 1220 maro’.
1292 1195 1296 1202 -

330 1325 557 1384 ΗΟΚΕΝἾΟΝ.
576 1317 693 1379 Vicetia
705 1317 739 1378 iu
752 1317 871 1378 ecclesia
883 1317 921 1378 ds
934 1317 1103 1380 Hokeu'ton
1116 1337 1175 1396 que
1187 1323 1231 1380 est
1244 1318 1370 1380 Abbatis

270 1407 300 1463 et
320 1403 481 1462 conventus
494 1399 564 1460 Osn'
578 1399 749 1461 austeritate
769 1399 884 1460 concilii
904 1399 1037 1461 ordinata
1056 1401 1191 1462 conustit
1207 1417 1259 1479 pes
1272 1401 1370 1460 omnis

269 1487 305 1543 ut
331 1501 417 1560 supra
444 1480 546 1542 eodem
572 1480 826 1542 Archidiacouatu
882 1479 921 1542 Iu
953 1481 1096 1561 priucipio
1129 1483 1161 1542 ia
1187 1483 1370 1544 menatem

268 1562 425 1642 soordi*

662 1641 675 1670 ⁸
687 1639 815 1684 meon
823 1640 974 1682 alatsrhaud.

330 1782 563 1841 ΟΕεΤΕΒΤΟΝ.
602 1772 720 1833 Vicaris
752 1772 785 1833 in
822 1773 941 1833 ecclesis
980 1771 1018 1834 de
1052 1773 1205 1836 Cesterton
1236 1793 1293 1852 que
1327 1780 1371 1836 est

271 1857 465 1937 predictorum
475 1853 601 1914 Abbctis
614 1859 645 1914 et
655 1853 825 1916 &irrentus
835 1852 905 1916 Osn’
915 1855 1086 1916 auctoritate
1106 1856 1222 1918 concilii
1238 1857 1372 1918 similiter
1433 1913 1442 1932 ,

272 1940 406 2000 ordinata
418 1935 615 2012 oonnstitper
628 1935 875 2014 omniautsuprs
887 1934 999 1996 dietum
1012 1941 1064 1998 est.
1401 1956 1404 1961 ·

330 2107 502 2164 801ΡΤοΝ.
528 2096 646 2158 Vicaria
658 2098 692 2158 in
704 2097 824 2158 ecclesia
836 2097 873 2158 de
884 2097 1006 2176 Soipton
1019 2116 1077 2175 que
1087 2101 1130 2158 est
1140 2098 1286 2176 prebenda
1297 2099 1371 2160 Sar-1¹

269 2183 418 2261 pertinens
449 2179 487 2239 ad
516 2183 704 2257 patronatum
732 2179 799 2240 soe
829 2179 866 2240 de
893 2180 1047 2257 Brimpton
1074 2179 1178 2240 militis
1201 2183 1371 2241 auctoritate

270 2263 387 2324 concilii
399 2261 532 2324 ordinate
545 2261 678 2321 consistit
690 2262 724 2321 in
742 2279 803 2320 nnc
822 2262 934 2340 uirgato
953 2265 1028 2320 terre
1048 2279 1116 2322 cum
1134 2279 1235 2322 manso
1248 2263 1301 2340 qui
1313 2263 1372 2323 fuit

269 2344 319 2405 W.
335 2343 483 2422 quondam
496 2335 627 2419 ejusdem
640 2341 698 2402 loci
709 2341 811 2402 vicarii
826 2345 857 2402 et
870 2341 972 2402 decani
992 2347 1022 2402 et
1041 2342 1074 2402 in
1087 2342 1207 2402 decimis
1220 2343 1372 2420 garbarum

270 2425 370 2486 decem
389 2424 566 2501 virgatamm
585 2427 660 2482 terre
680 2423 718 2484 de
737 2423 884 2484 dominico
898 2423 1040 2486 Oenonioi
1060 2423 1190 2500 ejusdem
1210 2424 1329 2485 ecclesie
1342 2427 1373 2484 et

271 2507 308 2567 ds
321 2505 494 2566 tenementis
508 2504 639 2564 onmium
652 2522 771 2564 suorum
788 2509 818 2564 et
837 2505 871 2564 in
891 2504 1012 2564 decimis
1025 2503 1092 2564 lano
1105 2508 1135 2566 et
1145 2505 1375 2566 obventionibus

271 2586 486 2648 confessionum
499 2584 532 2644 in
542 2585 760 2664 quadragesime
778 2590 809 2645 st
830 2584 966 2646 omnibus
983 2585 1183 2646 oblacionibus
1196 2585 1256 2646 diei
1268 2587 1374 2664 pascbs

271 2673 302 2729 et
315 2669 348 2728 in
368 2666 546 2728 obventione
565 2685 676 2743 panum
697 2667 735 2726 ed
759 2667 850 2728 altare
872 2685 924 2746 per
945 2669 1040 2726 totum
1061 2683 1172 2727 sunm
1192 2673 1312 2746 excepto
1326 2667 1375 2728 die

271 2767 444 2829 parasceves.
487 2747 527 2808 Et
559 2749 639 2808 velet
671 2747 778 2808 vicafia
812 2751 929 2809 eentum
959 2746 1012 2808 sol’
1039 2751 1075 2809 et.
1101 2747 1223 2809 habebit
1249 2749 1375 2809 vicanus

271 2831 453 2909 capeltsnum
466 2828 578 2889 socium
591 2830 625 2889 in
639 2828 718 2890 diota
734 2829 871 2908 parochia
891 2829 1029 2889 continue
1042 2847 1140 2890 seeum
1153 2829 1376 2890 ministrantem.

272 2912 439 2974 Genonious
455 2929 523 2971 vero
544 2911 642 2970 omnia
664 2909 721 2971 alie
744 2911 939 2971 emolumeute
962 2909 1102 2989 percipiet
1121 2915 1152 2971 st
1171 2911 1270 2972 omnia
1290 2930 1378 2972 onero

272 2993 350 3055 dicte
363 2993 481 3054 ecclesie
493 2991 657 3052 sustinebit

336 3163 554 3221 ΒιοΚεΗΑΜ.
582 3152 741 3213 Vicariain
753 3151 918 3214 ecclesiaste
928 3151 1088 3214 Blokshsm
1098 3153 1376 3231 queestAbbatisse

274 3241 304 3298 st
317 3235 491 3297 MonisEum
505 3235 542 3294 ds
555 3233 730 3295 Godestows
742 3253 807 3294 cum
821 3233 930 3313 capella
943 3234 981 3295 de
993 3233 1192 3296 Midelecumb
1204 3237 1375 3296 auctoritate

275 3317 391 3379 concilii
411 3315 543 3377 ordinata
562 3316 696 3376 consistit
718 3315 751 3375 iu
779 3319 842 3376 toto
869 3315 1006 3394 altemgio
1026 3325 1087 3376 tam
1110 3317 1238 3377 matricis
1257 3317 1375 3378 ecclesie

274 3418 362 3478 quam
375 3397 452 3458 dicte
466 3395 575 3476 ospello
589 3401 706 3475 excepte
720 3395 830 3456 decima
842 3395 909 3456 lans
923 3400 1106 3474 stagnorum
1119 3399 1246 3458 metricis
1257 3398 1375 3459 ecclesie

206 3536 211 3546 ‚
275 3479 489 3541 deBloksham.
533 3477 675 3538 Consistit
689 3478 824 3537 eciamin
837 3477 925 3537 blado
938 3477 1018 3555 quod
1037 3479 1111 3539 solet
1130 3479 1193 3539 dari
1205 3479 1374 3539 trituratum

275 3561 361 3622 dictis
371 3559 489 3620 ecclesie
499 3563 529 3620 et
542 3559 650 3636 ospello
663 3558 700 3619 de
711 3557 891 3620 Mildeoumb
902 3557 969 3639 (aio)
977 3559 1058 3636 quod
1067 3564 1187 3621 vocatur
1197 3559 1375 3621 Ohirchessd

275 3661 342 3703 cum
356 3660 457 3702 manso
470 3640 523 3717 qui
535 3640 610 3700 situs
623 3641 757 3700 estinter
776 3658 910 3700 mansum
923 3640 975 3718 qui
988 3640 1047 3701 iuit
1060 3641 1171 3719 Pagsui
1184 3640 1221 3702 de
1234 3641 1374 3702 Bereiord

275 3729 306 3783 st
332 3741 466 3782 mansum
491 3721 545 3799 qni
574 3721 633 3782 fuit
655 3720 811 3782 Willielmi
833 3720 987 3782 Koleman.
1029 3721 1119 3783 Dicte
1140 3741 1209 3782 vero
1235 3722 1374 3782 monieles

275 3797 373 3865 omnia
380 3803 618 3864 oneradiotarum
625 3801 742 3862 aedesio
750 3807 780 3862 et
787 3801 1040 3880 ospelledebitaet
1047 3803 1375 3864 consuetasustinebunt

274 3890 370 3964 preter
383 3883 525 3946 sinodelic
538 3902 594 3961 que
607 3883 732 3948 vicarius
744 3883 896 3962 persolvet.
939 3883 980 3944 Et
999 3888 1070 3946 sunt
1088 3884 1132 3944 ibi
1151 3885 1303 3946 secesserit
1315 3883 1374 3944 duo

275 3988 308 4029 oa
328 3968 423 4030 ellsni

307 3988 489 4109 p*Additur
514 4065 567 4124 per
591 4047 704 4106 Mum
727 4046 885 4107 Rotatam
908 4045 1020 4106 omma
1041 4047 1107 4108 lonc
1127 4050 1155 4106 ot
1176 4065 1318 4122 motum
1340 4047 1375 4105 dc

278 4177 282 4192 .
342 4176 348 4190 .
404 4174 412 4190 .
453 4131 690 4204 tachcest.
749 4171 756 4188 .
812 4171 820 4186 .
862 4127 985 4186 Item.
1040 4171 1047 4186 .
1101 4171 1108 4189 .
1150 4127 1377 4188 calcearet-ica

275 4210 424 4272 mmdotia
436 4214 464 4270 st
476 4209 623 4269 abbatissa
631 4209 802 4286 procurabit
814 4209 973 4284 hospitium
985 4207 1201 4268 Arctidioocnt'.

497 4337 1159 4392 *Iutbemnstntnanotberhsutsndtuvemtstuttub
