3258 5096
292 469 335 536 64
679 484 785 542 ursus
805 488 983 552 lucrosus

352 651 469 706 urnis
508 649 627 704 essen
672 633 800 719 [Midan
833 637 930 699 nmen
965 639 1144 714 carptores}
1207 639 1326 702 vicaria
1359 643 1392 703 in

289 719 408 780 ecclesia
421 719 458 779 ds
471 715 572 776 Medis
584 717 681 778 Rasne
695 737 751 796 que
761 723 805 779 est
814 719 971 780 eorundem
982 720 1116 780 consistit
1125 721 1158 780 in
1170 725 1232 780 tote
1243 723 1390 800 choragio,

289 805 410 878 excepta
424 799 535 858 decima
547 816 688 875 agnorum
711 803 742 860 st
764 801 838 860 lane.
881 801 1013 861 Habebit
1032 802 1123 862 sciam
1142 801 1267 863 vicarius
1280 805 1392 866 toftum

289 881 369 959 quod
378 880 438 940 fuit
447 879 603 939 Willielmi
613 879 649 940 de
659 879 809 941 Welleton
818 899 919 942 versus
929 883 1069 942 orientem
1078 883 1247 956 ecclesiast
1259 885 1392 947 inveniet

288 963 346 1022 sibi
360 962 495 1023 clericum
507 959 655 1035 idoneum,
670 967 699 1021 et
713 962 900 1040 respondebit
918 962 956 1022 ds
968 963 1091 1028 ‚denario
1104 963 1183 1024 beati
1197 964 1287 1038 Petri,
1302 986 1389 1045 quem

288 1044 368 1104 idem
390 1042 515 1103 vicarius
538 1042 672 1119 colliget3
700 1047 730 1102 st
756 1043 813 1121 ipsi
840 1045 929 1104 abbas
956 1049 986 1105 st
1006 1049 1167 1105 conventus
1194 1048 1390 1122 procurabunt

288 1123 452 1208 hospicium
465 1122 680 1199 Archidiaconi,
695 1129 726 1184 st
738 1125 853 1185 solvent
866 1125 1026 1203 synodalia,
1037 1132 1067 1187 et
1081 1126 1178 1186 omnia
1190 1127 1248 1186 alis
1260 1145 1347 1189 onera
1356 1131 1389 1189 in

287 1209 460 1285 perpetuum
473 1205 671 1266 sustinebunt.
710 1204 751 1265 Et
764 1210 808 1266 est
821 1210 892 1267 tunc
905 1207 1012 1268 visana
1024 1207 1057 1268 lx
1070 1206 1236 1268 solidorum.

350 1380 555 1436 minuisses
593 1363 758 1449 [Mintinpt
813 1367 931 1430 Vicaria
956 1369 990 1429 in
1016 1367 1135 1430 ecclesia
1160 1367 1198 1430 ds
1226 1367 1388 1450 Mintinges

288 1467 345 1526 qus
358 1453 402 1508 est
414 1447 519 1558 prioris
532 1446 569 1508 de
582 1448 745 1557 Mintinges
760 1445 882 1532 [Moab]

346 1622 611 1677 THRthNGHAM
651 1607 917 1694 [lbreclriopbam]
976 1609 1094 1672 Vinaria
1128 1611 1162 1671 in
1199 1611 1318 1673 ecclesia
1351 1613 1388 1674 do

286 1689 493 1767 Trikingeham
519 1709 577 1768 qne
600 1696 645 1751 est
666 1691 789 1751 fratrum
814 1693 843 1752 S.
867 1691 968 1752 Lazari
987 1692 1024 1752 de
1043 1692 1186 1753 Bnrthon'
1200 1694 1333 1754 consistit
1353 1694 1387 1754 in

286 1776 349 1832 toto
372 1771 509 1848 altaragio
533 1771 641 1849 absque
664 1771 721 1832 alia
744 1772 949 1846 diminucione,
967 1793 1034 1834 cnm
1054 1774 1129 1834 tofto
1155 1775 1187 1833 in
1214 1793 1273 1852 quo
1299 1775 1386 1836 modo

285 1853 411 1914 vicarius
433 1851 540 1912 residet
550 1872 560 1927 ;
580 1858 610 1912 et
632 1855 689 1930 ipsi
712 1853 814 1914 fratres
838 1853 867 1915 S.
883 1855 983 1914 Lazari
1005 1856 1202 1933 procurabunt
1223 1855 1385 1932 hospicium

286 1933 502 2006 Archidieconi,
517 1939 546 1994 et
560 1935 748 1994 sustinebunt
760 1936 792 1994 in
806 1941 978 2012 perpetuum
998 1937 1096 1996 omnia
1115 1937 1173 1996 alis
1191 1955 1279 1996 onera
1291 1943 1387 2014 preter

286 2015 517 2093 synodalisque
540 2015 891 2092 tantummodovioarius
918 2017 1012 2078 solvet
1037 2018 1198 2078 annuatim.
1241 2019 1281 2078 Et
1307 2019 1386 2079 valet

286 2097 393 2157 vicaria
405 2117 426 2157 v
438 2095 525 2156 maro'
538 2100 568 2156 et
581 2115 615 2156 eo
628 2097 761 2174 amplius.

347 2270 570 2327 τΑιιΝρτοΝ,
610 2258 727 2318 Vicaria
746 2259 780 2318 in
799 2259 918 2319 ecclesia
933 2258 969 2320 de
982 2259 1141 2334 Tallinton,
1155 2277 1213 2336 que
1226 2262 1270 2320 est
1283 2261 1385 2337 prioris

286 2344 316 2400 et
329 2345 490 2400 conventus
503 2338 541 2397 de
554 2338 686 2412 Balacro,
707 2339 840 2400 consistit
858 2341 892 2400 in
911 2345 973 2400 toto
993 2340 1141 2419 altaregio,
1155 2341 1296 2401 solvendo
1316 2341 1386 2401 inde

285 2420 437 2481 annuatim
457 2419 543 2494 dictis
562 2419 650 2496 priori
671 2425 702 2480 et
715 2421 872 2482 conventui
885 2423 971 2498 xxiiij
987 2422 1096 2482 sohdos
1106 2443 1116 2497 3
1136 2422 1237 2500 stipsi
1257 2423 1337 2499 prior
1356 2426 1385 2482 et

285 2506 446 2562 conventus
459 2501 654 2578 procurabunt
667 2501 830 2580 hospicium
844 2502 1059 2577 Archidisconi,
1074 2509 1104 2564 et
1117 2503 1215 2563 omnia
1228 2503 1285 2562 alia
1299 2521 1385 2563 onera

285 2584 319 2642 in
331 2586 504 2663 perpetuum
517 2581 704 2642 sustinebunt
716 2589 812 2662 preter
825 2583 1046 2661 synodalisque
1059 2584 1139 2644 idem
1151 2585 1276 2644 vicanus
1290 2583 1384 2644 solvet

285 2664 443 2724 aunuatim.
487 2663 618 2724 Habebit
630 2665 720 2724 eciam
733 2665 859 2726 vicanus
871 2665 979 2726 toftum
992 2667 1026 2724 in
1038 2681 1097 2742 quo
1110 2663 1196 2725 modo
1209 2663 1323 2724 residet

345 2839 511 2896 ΑυΒυκΝ,
551 2825 667 2887 Vicetia
686 2826 720 2886 in
740 2826 858 2886 ecclesia
877 2825 915 2886 de
934 2826 1068 2902 Anbnrn,
1088 2845 1145 2904 que
1158 2829 1203 2886 est
1216 2825 1384 2900 eorundem,

285 2909 419 2969 conshtit
444 2909 478 2968 in
500 2911 562 2967 totu
585 2907 722 2985 altaragie
744 2927 810 2968 cnm
834 2907 909 2968 tofto
930 2909 1093 2986 assignat03
1120 2907 1230 2984 stipsi
1253 2907 1332 2984 prior
1354 2911 1405 2967 st¹

284 2994 447 3051 conventus
459 2989 656 3067 procurabunt
667 2989 830 3066 hospicium
844 2989 1057 3064 Archidiaconi,
1073 2993 1103 3050 et
1117 2989 1215 3049 omnia
1227 2987 1285 3048 alia
1298 3007 1386 3048 onera

155 3097 163 3114 ·
284 3072 317 3132 in
330 3074 502 3149 perpetuum
515 3071 701 3131 sustinebunt
714 3075 810 3148 preter
822 3070 974 3149 synodalia
986 3090 1044 3148 qne
1056 3071 1135 3131 idem
1153 3069 1278 3131 vicarius
1291 3069 1385 3131 solvet

285 3153 444 3213 annuatim.

345 3327 573 3384 OALKEWELL
605 3305 791 3396 [Galaticum.
833 3313 950 3374 Vinaria
968 3313 1002 3373 in
1022 3312 1141 3374 ecclesia
1160 3311 1197 3372 de
1217 3311 1384 3386 Oalkewell,

285 3415 342 3474 qne
355 3399 399 3454 est
412 3395 516 3472 prioris
529 3399 559 3454 et
572 3400 733 3455 conventus
746 3394 784 3454 ds
796 3394 828 3454 N
829 3394 946 3470 oiston,
960 3395 1094 3455 consistit
1111 3395 1144 3454 iu
1162 3398 1226 3454 tcto
1246 3394 1384 3472 altaragio

284 3483 314 3538 et
327 3478 360 3539 in
372 3495 433 3538 una
445 3495 539 3536 merca
552 3477 725 3554 assignanda
737 3476 770 3535 in
784 3476 903 3536 decimis
915 3474 1068 3554 garbarum
1081 3473 1212 3552 ejusdem
1225 3473 1303 3536 ville.

756 3634 818 3719 [ro.
837 3635 915 3720 rau]

345 3757 554 3813 ΗεοοεΝΑΜ
591 3739 768 3826 [sumam]
789 3748 816 3803 et
837 3757 1035 3838 elusone..
1068 3742 1184 3838 yicane
1203 3742 1237 3802 in
1257 3742 1384 3804 ecclesus

283 3829 319 3888 ds
337 3827 519 3887 Heddenam
542 3830 571 3884 st
594 3825 631 3884 de
655 3825 803 3901 Bamburg
826 3843 882 3902 qus
905 3830 975 3885 sunt
991 3842 1095 3903 pncns
1118 3830 1149 3884 et
1172 3829 1333 3884 conventus
1346 3823 1383 3883 ds

283 3909 452 3971 Bridlinten
464 3906 596 3966 nondum
609 3911 680 3966 sunt
692 3906 831 3966 ordinate.

343 4083 504 4139 thttAM.
530 4068 647 4130 Vioaria
659 4069 691 4128 in
705 4067 823 4128 ecclesie
836 4067 873 4128 de
883 4066 1004 4127 Wihem
1018 4064 1084 4146 (sic)
1099 4087 1156 4145 que
1169 4071 1213 4128 est
1226 4065 1383 4126 eorundem

284 4152 419 4214 consistit
431 4151 464 4210 in
478 4149 614 4211 omnibus
627 4149 826 4210 oblacionibus
838 4168 890 4226 per
903 4167 1022 4223 annum,
1037 4151 1166 4226 exceptis
1175 4148 1385 4227 purificacionis

283 4236 348 4309 bus,
363 4231 555 4310 sponsalibus,
570 4232 753 4305 annualibus,
768 4230 978 4314 timentitibus,
996 4230 1033 4290 de
1049 4227 1157 4307 quibus
1176 4230 1302 4290 vicanus
1322 4246 1383 4288 non

284 4315 405 4376 habebit
414 4313 474 4372 nisi
482 4314 600 4374 terciam
610 4318 730 4391 partem.
766 4312 908 4384 Consistit
918 4311 1008 4373 eciam
1018 4311 1052 4372 in
1061 4312 1150 4372 tercia
1159 4316 1240 4391 parte
1251 4310 1381 4370 omnium
