3246 5096
635 497 790 552 nucours
818 497 943 551 unius
1326 479 1346 546 7

306 649 526 712 WROGSTAN.
553 645 669 706 Viceria
689 645 723 706 iu
741 645 860 706 ecclesia
879 645 917 706 de
929 645 1088 722 Wrogsten
1107 649 1225 723 quaest
1238 645 1348 708 Peioris

248 731 279 788 et
298 726 469 789 Conventus
489 726 620 804 ejusdem
639 727 698 787 loci
715 745 767 804 per
786 726 938 788 dominum
954 727 1111 804 Hugonem
1131 727 1290 787 secundum
1310 726 1347 788 de

248 827 390 868 consensu
417 807 548 886 Capituli
577 808 623 868 sui
647 807 779 868 Lincoln'
803 808 844 867 eis
874 827 941 867 cunr
970 807 1157 885 pertinenciis
1180 809 1347 868 confirmata

248 889 380 950 consistit
389 891 423 948 in
433 889 552 950 duabus
560 889 679 966 virgatis
692 892 766 948 terre
779 887 816 948 de
827 889 907 948 Hida
917 907 1005 965 quern
1016 888 1113 948 Adsm
1123 890 1242 950 clericus
1251 889 1348 949 tenuit

247 989 347 1030 versus
374 972 514 1031 orientem
541 989 606 1030 cum
633 969 768 1047 porcione
794 970 871 1046 preti
897 970 1054 1047 spectantis
1077 968 1116 1030 ed
1138 970 1260 1031 eandem
1281 989 1348 1030 cum
1444 1023 1448 1028 .

247 1051 408 1128 messuagio
422 1057 452 1112 et
465 1051 586 1130 edificiis
600 1069 657 1129 que
669 1050 788 1110 luerunt
801 1049 970 1128 Sampeonis
980 1052 1068 1128 juxta
1087 1051 1235 1112 ecclesiam
1247 1071 1348 1112 versus
1411 1061 1422 1082 ·

248 1133 446 1194 occidentem:
467 1133 541 1193 etin
555 1137 617 1192 toto
636 1132 773 1209 uorago
794 1132 922 1209 exceptis
941 1132 1064 1192 minutis
1078 1131 1198 1192 decimis
1211 1132 1247 1192 de
1260 1132 1349 1214 Curis

248 1213 469 1274 Canonicorum.
510 1213 645 1273 Vicerius
664 1212 785 1273 hebebit
804 1213 986 1291 capellanum
1005 1231 1103 1272 secum
1122 1213 1233 1274 socium
1251 1214 1303 1291 qui
1315 1215 1349 1274 in

248 1295 357 1372 capelle
374 1293 411 1355 de
424 1294 579 1354 Belescoth
598 1294 777 1354 ministrabit
796 1298 827 1354 et
845 1294 976 1354 inveniet
996 1294 1132 1353 clericum
1152 1299 1181 1354 et
1195 1294 1349 1354 luminaria

248 1376 444 1452 competeucia
466 1375 606 1436 solvendo
632 1374 774 1436 sinodalia
795 1379 920 1438 tantum.
973 1375 1114 1436 Canonici
1133 1395 1202 1436 vero
1226 1375 1350 1453 predicti

249 1457 347 1518 omniu
359 1457 417 1517 elia
431 1457 625 1518 emolumenta
638 1456 716 1516 dicte
729 1455 846 1516 ecclesie
859 1455 1027 1534 percipient,
1039 1461 1068 1516 et
1082 1459 1180 1518 omnia
1192 1457 1249 1518 elia
1262 1476 1350 1519 onera

249 1537 380 1614 ejusdem
391 1538 586 1599 sustinebunt.
628 1537 669 1598 Et
681 1538 760 1598 velet
772 1538 880 1599 viceris
892 1539 992 1598 decern
1004 1538 1098 1600 merc'.

311 1707 585 1763 assertorem
612 1697 728 1759 Vicerie
749 1700 783 1759 in
806 1699 926 1760 ecclesia
954 1699 992 1760 de
1019 1701 1194 1761 Berencestr‘
1221 1719 1278 1778 que
1304 1707 1349 1763 est

249 1778 358 1840 Prioris
377 1784 408 1840 et
421 1780 592 1841 Conventus
605 1780 736 1858 ejusdem
750 1780 808 1841 loci
827 1781 997 1841 anctoritate
1017 1781 1134 1842 concilii
1153 1782 1286 1843 ordineta
1306 1788 1351 1843 est

179 1925 182 1932 ,
248 1861 281 1920 in
294 1860 350 1920 hoc
363 1861 457 1922 modo.
499 1860 634 1922 Vicerius
647 1862 768 1922 hebebit
787 1880 840 1939 pro
860 1863 1014 1940 stipendiis
1030 1862 1090 1930 suis
1105 1868 1135 1924 et
1148 1865 1290 1941 capellani
1303 1865 1350 1924 sui

249 1945 279 2002 et
299 1941 467 2002 elericorum
485 1961 604 2002 suorum
623 1943 658 2004 xl
684 1943 791 2004 solidos
818 1945 969 2004 annuetim
986 1945 1018 2004 in
1042 1945 1139 2005 terciis
1162 1946 1348 2022 porcionibus

249 2023 455 2100 assignandos:
485 2025 601 2102 etipse
625 2029 656 2085 et
681 2025 845 2101 capellanus
869 2025 933 2102 ejus
956 2030 985 2084 et
1009 2024 1105 2085 clerici
1129 2027 1176 2085 sui
1198 2026 1350 2087 habebunt

249 2105 361 2164 victum
380 2124 466 2165 sumn
485 2105 522 2166 de
542 2106 672 2182 prioratu
690 2105 762 2183 ipsis
782 2105 937 2183 capellanis
957 2111 988 2166 et
1005 2106 1116 2166 clericis
1129 2113 1347 2185 competentem

249 2183 350 2246 Fciem
367 2185 490 2246 habebit
510 2185 613 2246 fenum
633 2193 663 2246 et
683 2187 860 2264 prebendam
880 2187 919 2247 ed
932 2205 1040 2264 equum
1056 2206 1149 2249 unum
1162 2189 1199 2248 de
1210 2191 1348 2266 prioratu.

249 2266 350 2326 Eciem
363 2266 527 2327 oblaciones
541 2287 607 2327 suas
620 2267 730 2329 scilicet
743 2287 836 2330 unum
852 2268 1003 2329 denarium
1022 2288 1075 2346 pro
1096 2288 1211 2346 corpore
1224 2271 1352 2348 presenti

153 2415 154 2418 Ἴ
249 2351 280 2406 ot
294 2365 387 2408 unum
401 2347 465 2408 den’
479 2367 531 2426 pro
541 2349 725 2427 sponsalibus
738 2353 769 2408 et
782 2367 875 2409 unum
885 2350 1035 2410 denarium
1048 2369 1101 2427 pro
1114 2351 1224 2428 purilie'
1235 2353 1351 2429 quocies

250 2427 315 2488 den’
329 2429 441 2508 integer
453 2431 626 2506 provenerit
671 2431 772 2490 liciam
784 2431 818 2490 in
832 2430 881 2492 die
893 2432 984 2492 neteli
998 2431 1121 2494 Domini
1134 2437 1193 2492 tres
1207 2433 1282 2506 den’,
1303 2434 1351 2493 die

249 2507 361 2570 Pasche
382 2508 455 2570 duos
476 2509 551 2585 den',
565 2516 596 2572 et
616 2513 650 2572 in
663 2511 768 2572 duobis
794 2512 859 2572 eliis
885 2513 1095 2591 principalibus
1120 2513 1203 2574 festis
1229 2521 1352 2592 utroque

248 2591 359 2650 scilicet
378 2609 471 2652 unum
491 2591 650 2654 denarium.
694 2588 759 2673 [Fe.
775 2589 837 2668 lli]
882 2593 1012 2655 Habebit
1032 2595 1123 2655 eciam
1136 2597 1299 2657 oblaciones
1319 2597 1352 2656 in

250 2671 480 2732 confessionibus
494 2678 524 2734 et
537 2674 696 2733 secundum
710 2675 837 2752 legatum
857 2693 949 2752 usque
968 2675 1006 2735 ed
1019 2695 1071 2736 sex
1084 2677 1216 2738 denarios
1229 2682 1259 2738 et
1272 2677 1353 2754 quod

250 2754 391 2830 supererit
422 2753 548 2814 vicarius
580 2759 611 2815 et
641 2756 772 2816 canonici
803 2755 1007 2818 dimidiabunt
1064 2757 1195 2851 liebebit
1234 2760 1353 2837 insuper

250 2839 726 2978 wilfiffimfflgmffl
745 2842 941 2979 {tutte
962 2839 1353 2998 ttttttttrttt:

251 2996 569 3059 sustinebuntatvalet
582 2997 717 3060 viceris.
760 3043 767 3059 .
810 3042 817 3060 .
849 2999 948 3060 totalis
961 3005 1060 3061 autem
1072 3001 1190 3062 ecclesia
1203 3021 1245 3060 xx
1258 3002 1352 3062 marc'.

311 3167 478 3224 WESTON.
505 3159 622 3221 Viceria
641 3159 674 3219 in
694 3159 813 3222 ecclesia
832 3160 869 3221 de
889 3161 1014 3224 Wsston
1032 3181 1091 3240 que
1110 3167 1155 3224 est
1169 3163 1295 3244 Abbetis
1323 3169 1354 3224 et

251 3237 422 3302 Conventus
436 3238 505 3300 Osn’
519 3241 689 3302 auctoritate
702 3242 828 3304 Concilii
847 3243 980 3305 ordinata
1000 3244 1132 3306 consistit
1145 3263 1196 3322 per
1209 3246 1307 3306 omnia
1320 3252 1355 3306 ut

251 3338 340 3399 cupre
351 3319 453 3382 eodem
462 3320 919 3401 Archidiaconatuinprincipio.
1241 3346 1245 3352 ·
1348 3361 1355 3366 -

310 3489 586 3548 ΘΑΒΤΗΑΜΤΟΝ.
613 3484 730 3546 Viceriu
756 3485 789 3546 in
810 3485 929 3547 ecclesie
954 3486 993 3547 de
1012 3486 1206 3550 Gerthamton
1225 3507 1283 3567 que
1309 3495 1355 3551 est

251 3561 378 3624 Abbetis
396 3566 427 3624 et
448 3563 620 3626 Conventus
640 3566 710 3627 Osn'
730 3567 900 3628 auctoritate
924 3567 1050 3630 Concilii
1069 3570 1202 3631 ordinate
1221 3571 1355 3633 consistit

252 3661 304 3722 per
316 3643 415 3704 omnia
427 3648 562 3723 utsupra
574 3645 676 3710 eodem
688 3647 933 3711 Archidieconatu
945 3650 979 3710 in
991 3651 1142 3729 principio.

314 3815 608 3873 ΚΕΗΤΕΗΝΘΤΟΝ.
635 3809 753 3876 viceris
771 3809 804 3871 in
824 3813 942 3874 ecclesia
961 3813 999 3874 de
1014 3814 1221 3892 Kertslington
1240 3821 1355 3892 quaest

251 3885 378 3948 Abbatis
405 3892 435 3948 et
467 3889 637 3951 Conventus
663 3890 701 3951 de
727 3892 836 3954 Alnelo
869 3895 1003 3956 ordinata
1036 3897 1206 3956 auctoritate
1238 3897 1356 3958 concilii

252 3968 385 4028 comistit
397 3970 431 4030 in
443 3973 506 4030 toto
519 3971 656 4050 elteregio
668 3972 762 4050 ipsius
781 3974 899 4034 ecclesie
919 3981 948 4035 et
968 3976 1086 4036 redditu
1105 3978 1180 4054 xxiij
1196 3977 1354 4038 solidorum

251 4053 282 4110 ct
300 4049 345 4127 iiij
366 4049 549 4112 demriorum
568 4072 657 4130 quern
676 4053 809 4115 homines
828 4060 960 4116 tenentes
979 4058 1072 4136 ipsius
1091 4057 1208 4118 ecclesie
1235 4059 1354 4120 solvunt

251 4131 403 4192 annuatim
426 4131 484 4210 ipsi
505 4133 622 4194 ecclesie
643 4139 674 4196 et
696 4136 731 4196 in
753 4155 816 4196 xxx
839 4137 953 4198 duabus
975 4141 1066 4200 trevis
1086 4137 1167 4198 bladi
1187 4158 1259 4218 quas
1277 4141 1355 4201 dicta

251 4211 370 4272 ecclesie
390 4213 541 4274 consuevit
561 4217 713 4278 annuatim
733 4218 878 4295 percipere
898 4219 935 4278 de
955 4220 1101 4281 dominico
1121 4220 1158 4280 It
1180 4222 1217 4282 de
1242 4221 1354 4282 Aumar

251 4292 527 4438 lbdttttt
540 4315 597 4392 ‘¹¹¹9
609 4297 1019 4444 ”lllfflullwllls
1031 4303 1242 4445 &giblii
1254 4309 1352 4445 “lm

424 4395 459 4436 us
523 4397 638 4439 enorum
788 4400 804 4440 e
830 4400 863 4441 m
876 4401 936 4442 una
1173 4403 1190 4445 e
1237 4404 1300 4445 neu
1320 4404 1356 4446 us

252 4454 316 4534 (ric)
330 4459 428 4517 autern
441 4458 473 4518 in
487 4457 680 4538 disposicione
690 4461 827 4540 Episcopi
839 4467 885 4523 est
898 4463 964 4541 quis
976 4484 1033 4542 que
1047 4465 1151 4526 debeat
1164 4467 1313 4529 sustinere.
