3246 5096
267 439 287 500 4
651 451 754 504 ulnus
776 451 953 516 ANTIQUUS

329 608 533 666 ΒυΒΕΡοΗῠ.
560 597 674 660 Vicaria
687 600 721 661 in
733 601 851 662 ecclesia
864 601 902 662 de
915 599 1059 662 Bureicrd
1071 619 1130 680 que
1143 605 1187 662 est
1197 600 1323 662 Abbatis
1337 605 1367 662 et

266 685 426 744 conventus
440 678 476 740 de
489 679 677 758 Keynesbam
690 680 761 760 ipsis
774 703 826 760 per
839 683 991 744 domium
1002 683 1157 761 Hugonem
1172 683 1209 743 dc
1225 701 1368 742 consensu

267 763 388 842 capituli
407 762 453 821 sui
472 761 554 821 Linc’
575 761 741 822 confirmata
761 759 860 844 [cumi
879 761 998 904 crased}
1015 763 1125 842 capella
1145 762 1182 824 de
1201 763 1368 824 Fulebroch

268 844 400 906 consistit
411 843 445 902 in
457 845 519 902 tota
532 848 607 902 terra
620 843 736 904 ecclesie
749 849 779 904 et
799 846 907 923 capelle
927 865 977 922 pre
998 845 1056 905 icte
1077 864 1144 905 cnm
1157 845 1316 922 messuagio
1329 845 1367 904 ad

267 926 404 988 vinariam
417 923 579 1002 pertinente
592 929 622 984 et
637 925 671 984 in
691 927 825 986 omnibus
845 927 910 986 aliis
930 931 990 986 tam
1004 927 1042 986 ad
1055 927 1205 986 matricem
1219 925 1366 986 ecclesiam

269 1026 356 1086 qnam
369 1006 407 1065 ad
420 1005 527 1064 dictam
547 1005 686 1082 capellam
706 1007 920 1082 pertinentibus
941 1007 1070 1086 exceptis
1090 1007 1226 1067 omnibus
1246 1006 1365 1066 decimis

269 1095 299 1148 et
312 1087 361 1148 scl’
375 1086 526 1164 garbarum
546 1105 612 1146 cum
632 1086 749 1164 capitoli
769 1107 868 1148 manso
887 1089 1015 1150 matricis
1035 1088 1152 1150 molesia
1163 1111 1170 1149 ι
1191 1094 1222 1148 01
1240 1092 1310 1148 suut
1322 1087 1367 1148 ibi

268 1168 420 1232 necessarii
432 1167 470 1227 sd
483 1167 581 1227 minus
593 1167 652 1227 duo
666 1167 815 1246 capellani

328 1338 526 1394 ESTHALLE.
552 1328 669 1388 Vinaria
680 1329 714 1389 in
731 1330 850 1390 ecclesia
868 1329 1034 1392 (1011011011
1053 1349 1110 1408 que
1130 1335 1175 1390 eet
1195 1329 1322 1390 Abbatis
1335 1335 1365 1390 et

267 1414 427 1472 conventus
447 1409 484 1468 de
497 1408 593 1470 Ibreio
613 1409 725 1470 dudum
749 1411 881 1472 ordinata
899 1413 1032 1472 consistit
1051 1413 1085 1471 in
1104 1411 1241 1472 omnibus
1259 1411 1366 1471 obven-

267 1491 399 1554 cionibus
411 1491 510 1550 altaris
530 1508 597 1550 cum
616 1509 715 1550 manso
735 1493 787 1569 qni
807 1493 865 1552 1011
885 1493 1042 1552 eorundem
1061 1492 1270 1552 monachorum
1289 1495 1319 1551 et
1331 1492 1365 1552 in

268 1571 403 1636 omnibus
423 1570 541 1631 decimis
564 1572 715 1648 garbarum
740 1573 776 1632 de
799 1574 944 1634 dominico
968 1573 1047 1652 quod
1062 1574 1141 1652 jacet
1161 1593 1199 1633 ex
1218 1573 1270 1632 illa
1283 1578 1365 1651 parte

269 1651 395 1732 aquilon’
409 1671 467 1730 qua
480 1652 535 1712 sita
548 1657 592 1712 est
606 1653 731 1727 ecclesia,
746 1654 882 1715 videlicet
897 1656 929 1714 iu
950 1674 1051 1733 campo
1065 1653 1208 1730 orientali,
1221 1654 1257 1713 de
1271 1655 1365 1716 tribus

268 1735 348 1796 hidis
362 1738 391 1794 et
404 1733 456 1810 viij
478 1735 550 1793 acris
570 1739 600 1793 01
619 1734 741 1794 dimidia
760 1741 790 1795 et
810 1737 896 1814 xxiiij
918 1737 990 1796 acris
1009 1755 1082 1814 quse
1102 1741 1226 1814 quatuor
1238 1735 1365 1795 Bubulci

258 1820 370 1876 tenent
381 1815 418 1875 de
432 1814 532 1874 codem
545 1813 701 1890 dominico,
714 1817 789 1876 etin
802 1836 903 1895 campo
923 1817 1095 1878 occidentali
1108 1817 1233 1877 vicarius
1246 1818 1364 1894 recipiet

267 1997 340 2057 quas
359 1976 431 2037 dicti
450 1976 577 2037 Bubulci
595 1981 714 2040 tenent:
748 1981 778 2038 et
799 1979 878 2039 valet
896 1979 1004 2040 vicaria
1022 1999 1043 2039 v
1063 1978 1156 2040 marc'.
1199 1978 1364 2039 Sustinebit

267 2065 363 2120 autem
377 2058 501 2118 vicarius
514 2059 611 2118 omnia
624 2077 710 2119 onera
722 2059 815 2137 ipsius
835 2060 952 2120 ecclesie
965 2059 1065 2120 debita
1078 2065 1107 2120 et
1120 2063 1257 2124 consueta
1269 2065 1364 2138 preter

266 2141 429 2220 hospicium
441 2137 647 2200 Archidiaconi
660 2140 739 2217 quod
751 2140 824 2201 dicti
836 2141 971 2202 monaobi
983 2141 1187 2219 procurabunt.

336 2310 530 2366 ΜΕΝΙεΤΒε
564 2299 680 2362 Vinaria
695 2301 728 2362 in
748 2301 866 2363 ecclesia
885 2303 922 2364 de
935 2302 1077 2363 Menistre
1096 2321 1153 2380 qne
1173 2307 1218 2362 est
1238 2302 1365 2364 Abbatis

267 2388 297 2444 et
317 2391 476 2444 conventus
500 2381 537 2442 de
557 2381 653 2442 ibreio
675 2383 870 2461 predictorum
892 2384 1025 2444 consistit
1048 2385 1080 2444 in
1100 2383 1255 2444 medietate
1274 2384 1366 2444 totius

268 2464 437 2526 ecclesiast
464 2462 593 2523 omnium
619 2464 657 2523 ad
683 2465 775 2542 ipsam
803 2467 836 2526 in
862 2466 961 2526 eadem
989 2465 1124 2543 parochia
1144 2465 1362 2542 pertinencium.

267 2544 406 2607 Monachi
418 2548 515 2604 autem
528 2543 652 2621 predicti
664 2549 693 2604 et
708 2547 831 2606 vicarius
851 2548 948 2608 omnia
968 2565 1054 2607 onera
1074 2546 1151 2606 dicte
1170 2546 1288 2606 ecclesie
1303 2551 1365 2606 tam

267 2627 411 2688 ordinaria
420 2645 507 2703 quam
517 2625 741 2686 extraordinaria
753 2628 878 2706 quilibet
890 2647 942 2706 pro
955 2646 1007 2688 sua
1016 2628 1151 2706 porcione
1161 2627 1364 2688 sustinebunt:

266 2713 296 2770 et
309 2707 415 2769 sufficit
427 2707 470 2767 ibi
484 2725 559 2766 unrrs
573 2707 744 2784 capellmm.

327 2878 489 2933 ΒΑΝΤΟΝ.
516 2867 632 2928 Vicaria
650 2869 684 2928 in
703 2869 821 2930 eeclesia
832 2870 868 2931 de
880 2871 997 2931 Banton
1008 2890 1065 2949 qne
1075 2875 1119 2932 est
1132 2870 1261 2948 Capituli
1270 2869 1365 2930 Exon’

266 2951 397 3014 ordinata
422 2954 466 3010 est
489 2969 540 3026 per
563 2950 714 3010 dominum
737 2952 818 3012 Lino'
842 2952 999 3030 Hugonem
1022 2952 1189 3026 secundum,
1205 2951 1365 3011 secundum

265 3037 394 3093 tenorem
423 3035 500 3092 carte
526 3031 609 3108 cuius
636 3031 690 3092 hec
722 3036 766 3093 est
802 3032 902 3094 forma
962 3033 1106 3094 Omnibus
1133 3035 1186 3094 &c
1241 3033 1367 3092 Noverit

267 3113 440 3176 universitas
452 3116 549 3174 vestre
561 3113 640 3190 qnod
653 3133 706 3173 nos
725 3113 762 3174 de
781 3133 899 3175 amensa
919 3119 948 3174 01
962 3115 1113 3176 voluntate
1128 3113 1259 3190 Capituli
1271 3113 1365 3172 Fmon'

268 3214 355 3273 super
367 3193 484 3255 ecclesia
498 3195 535 3254 de
548 3193 673 3254 Bamton
687 3201 716 3254 et
731 3195 866 3256 omnibus
886 3197 950 3273 ejus
965 3195 1152 3275 pertinenciis
1166 3199 1196 3253 et
1209 3195 1289 3253 omni
1299 3195 1366 3271 jure

267 3277 360 3355 ipsius
374 3294 405 3336 ae
418 3280 520 3352 sponte
541 3275 710 3354 simpliciter
729 3280 758 3336 et
778 3277 863 3355 plene
882 3283 980 3338 nostre
999 3296 1050 3356 per
1071 3277 1168 3336 omnia
1185 3274 1366 3352 subjicientis

265 3356 462 3436 jurisdictioni
482 3362 511 3416 et
531 3358 568 3417 de
587 3376 704 3418 assensn
719 3357 830 3436 'Rogeri
842 3358 956 3419 Decani
975 3363 1005 3418 et
1021 3358 1152 3436 Capituli
1171 3357 1264 3417 nostri
1283 3356 1366 3416 Linc’

267 3458 353 3516 super
365 3437 425 3497 biis
437 3437 649 3498 ordinacionem
662 3438 783 3499 fecimus
801 3441 835 3498 in
854 3439 940 3500 modo
953 3440 1123 3516 subscripto.
1165 3437 1366 3498 Concessimus

269 3520 406 3598 Capitulo
421 3518 619 3614 Exon'totam
638 3519 720 3580 illam
739 3521 904 3597 porcionem
922 3522 955 3579 in
975 3521 1105 3598 proprios
1118 3539 1188 3579 usus
1200 3518 1366 3614 habendam

270 3605 533 3744 1111111111
540 3600 1366 3761 tuttprttdttttttrtttutttud

269 3783 323 3843 pro
343 3782 395 3824 sna
413 3761 571 3824 voluntate.
613 3761 724 3824 Verum
747 3763 784 3823 de
804 3764 938 3844 porcione
960 3782 1048 3841 qnam
1068 3763 1212 3822 Robertus
1232 3761 1269 3820 de
1283 3761 1366 3838 Lucy

269 3846 366 3906 tenuit
392 3849 422 3904 01
451 3844 508 3903 alia
531 3843 664 3921 porcione
691 3863 779 3922 quam
806 3845 969 3906 Johannes
983 3845 1023 3905 fil’
1050 3843 1196 3904 Johannis
1218 3841 1365 3919 quondam

269 3925 472 3990 Archidiacon’
485 3925 588 3986 Toton’
603 3927 699 3986 tenuit
712 3927 745 3986 in
760 3927 859 3987 eadem
873 3927 999 3999 ecclesia,
1015 3927 1058 3985 ita
1074 3924 1271 3984 ordinavimus
1287 3923 1367 4001 quod

266 4009 317 4070 ille
332 4009 383 4087 qui
396 4007 520 4078 vicarius
534 4011 578 4066 est
590 4007 670 4067 illius
684 4008 827 4086 porcionis
841 4026 929 4086 quam
939 4006 975 4067 R.
991 4007 1027 4067 de
1041 4007 1125 4083 Lucy
1138 4005 1234 4065 tenuit
1248 4009 1366 4063 centum

269 4090 377 4151 solidos
400 4108 512 4148 annuos
533 4088 672 4166 quamdiu
694 4088 801 4150 vixerit
822 4089 939 4150 nomine
960 4088 1093 4148 beneficii
1116 4085 1252 4164 capitulo
1273 4084 1365 4146 Exon'

267 4171 412 4250 persolvet
426 4169 462 4230 de
475 4169 575 4230 eadem
588 4171 722 4247 porcione
733 4193 740 4230 r
759 4169 781 4230 J
782 4169 910 4230 ohannes
922 4189 990 4230 vero
1004 4173 1176 4230 memoratus
1189 4172 1248 4226 tres
1257 4185 1366 4226 marcas

267 4271 378 4314 annuas
401 4251 496 4312 eidem
520 4251 656 4332 Capitulo
683 4251 815 4312 similiter
838 4257 901 4312 tota
925 4251 986 4311 vita
1010 4271 1062 4312 sua
1084 4249 1229 4333 persolvet
1253 4248 1290 4310 (10
1314 4267 1366 4342 sua
