<?xml version="1.0" encoding="UTF-8"?>
<!DOCTYPE html PUBLIC "-//W3C//DTD XHTML 1.0 Transitional//EN"
    "http://www.w3.org/TR/xhtml1/DTD/xhtml1-transitional.dtd">
<html xmlns="http://www.w3.org/1999/xhtml" xml:lang="en" lang="en">
 <head>
  <title>
</title>
<meta http-equiv="Content-Type" content="text/html;charset=utf-8" />
  <meta name='ocr-system' content='tesseract 3.04.00' />
  <meta name='ocr-capabilities' content='ocr_page ocr_carea ocr_par ocr_line ocrx_word'/>
</head>
<body>
  <div class='ocr_page' id='page_1' title='image "./liberantiquusde00wellgoog_0051.png"; bbox 0 0 3246 5096; ppageno 0'>
   <div class='ocr_carea' id='block_1_1' title="bbox 660 481 1366 550">
    <p class='ocr_par' dir='ltr' id='par_1_1' title="bbox 660 481 1366 550">
     <span class='ocr_line' id='line_1_1' title="bbox 660 481 1366 550; baseline -0.004 -1"><span class='ocrx_word' id='word_1_1' title='bbox 660 495 818 550; x_wconf 78' lang='lat' dir='ltr'>HUGONIS</span> <span class='ocrx_word' id='word_1_2' title='bbox 839 495 964 549; x_wconf 72' lang='lat' dir='ltr'>whole.</span> <span class='ocrx_word' id='word_1_3' title='bbox 1323 481 1366 547; x_wconf 84' lang='grc'>33</span> 
     </span>
    </p>
   </div>
   <div class='ocr_carea' id='block_1_2' title="bbox 265 643 1366 1210">
    <p class='ocr_par' dir='ltr' id='par_1_2' title="bbox 265 643 1366 1210">
     <span class='ocr_line' id='line_1_2' title="bbox 329 643 1366 722; baseline 0.003 -17"><span class='ocrx_word' id='word_1_4' title='bbox 329 660 479 716; x_wconf 73' lang='grc' dir='ltr'>εεεεεγ,</span> <span class='ocrx_word' id='word_1_5' title='bbox 505 643 1366 722; x_wconf 82' lang='lat' dir='ltr'>VicarieinocclesiadeEssebyqueastabbatieetconven·</span> 
     </span>
     <span class='ocr_line' id='line_1_3' title="bbox 265 725 1364 806; baseline 0 -16"><span class='ocrx_word' id='word_1_6' title='bbox 265 725 1176 790; x_wconf 83' lang='lat' dir='ltr'>tuedeAlnetoauctoritateeonciliiordineteconeistitintoto</span> <span class='ocrx_word' id='word_1_7' title='bbox 1186 727 1364 806; x_wconf 81' lang='lat' dir='ltr'>eltaragioet</span> 
     </span>
     <span class='ocr_line' id='line_1_4' title="bbox 265 806 1366 885; baseline 0.002 -15"><span class='ocrx_word' id='word_1_8' title='bbox 265 811 297 870; x_wconf 93' lang='lat' dir='ltr'>in</span> <span class='ocrx_word' id='word_1_9' title='bbox 317 810 329 869; x_wconf 92' lang='lat' dir='ltr'>i</span> <span class='ocrx_word' id='word_1_10' title='bbox 349 809 460 885; x_wconf 85' lang='lat' dir='ltr'>virgata</span> <span class='ocrx_word' id='word_1_11' title='bbox 480 813 553 868; x_wconf 86' lang='lat' dir='ltr'>terre</span> <span class='ocrx_word' id='word_1_12' title='bbox 573 809 706 868; x_wconf 83' lang='lat' dir='ltr'>deterre</span> <span class='ocrx_word' id='word_1_13' title='bbox 731 807 849 867; x_wconf 88' lang='lat' dir='ltr'>ecclesie</span> <span class='ocrx_word' id='word_1_14' title='bbox 869 825 936 866; x_wconf 90' lang='lat' dir='ltr'>cum</span> <span class='ocrx_word' id='word_1_15' title='bbox 956 806 1091 866; x_wconf 87' lang='lat' dir='ltr'>omnibus</span> <span class='ocrx_word' id='word_1_16' title='bbox 1111 807 1231 868; x_wconf 76' lang='lat' dir='ltr'><strong>decimis</strong></span> <span class='ocrx_word' id='word_1_17' title='bbox 1251 814 1281 869; x_wconf 88' lang='lat' dir='ltr'>et</span> <span class='ocrx_word' id='word_1_18' title='bbox 1300 811 1366 872; x_wconf 83' lang='lat' dir='ltr'>aliis</span> 
     </span>
     <span class='ocr_line' id='line_1_5' title="bbox 265 887 1365 968; baseline 0.001 -17"><span class='ocrx_word' id='word_1_19' title='bbox 265 890 451 968; x_wconf 76' lang='lat' dir='ltr'>pertinenciis</span> <span class='ocrx_word' id='word_1_20' title='bbox 464 890 526 950; x_wconf 86' lang='lat' dir='ltr'>anis</span> <span class='ocrx_word' id='word_1_21' title='bbox 538 893 568 949; x_wconf 90' lang='lat' dir='ltr'>et</span> <span class='ocrx_word' id='word_1_22' title='bbox 580 890 612 948; x_wconf 87' lang='lat' dir='ltr'>in</span> <span class='ocrx_word' id='word_1_23' title='bbox 626 888 762 948; x_wconf 85' lang='lat' dir='ltr'>omnibus</span> <span class='ocrx_word' id='word_1_24' title='bbox 779 888 899 948; x_wconf 78' lang='lat' dir='ltr'>decimis</span> <span class='ocrx_word' id='word_1_25' title='bbox 917 888 1061 947; x_wconf 84' lang='lat' dir='ltr'>detritus</span> <span class='ocrx_word' id='word_1_26' title='bbox 1074 887 1194 966; x_wconf 84' lang='lat' dir='ltr'>virgatis</span> <span class='ocrx_word' id='word_1_27' title='bbox 1206 893 1280 950; x_wconf 85' lang='lat' dir='ltr'>terre</span> <span class='ocrx_word' id='word_1_28' title='bbox 1294 910 1365 968; x_wconf 88' lang='lat' dir='ltr'>quas</span> 
     </span>
     <span class='ocr_line' id='line_1_6' title="bbox 266 965 1364 1111; baseline 0.001 -79"><span class='ocrx_word' id='word_1_29' title='bbox 266 973 376 1050; x_wconf 86' lang='lat' dir='ltr'>Helyes</span> <span class='ocrx_word' id='word_1_30' title='bbox 389 975 470 1032; x_wconf 91' lang='lat' dir='ltr'>tenet</span> <span class='ocrx_word' id='word_1_31' title='bbox 482 969 728 1049; x_wconf 81' lang='lat' dir='ltr'>provenientibus.</span> <span class='ocrx_word' id='word_1_32' title='bbox 772 965 835 1111; x_wconf 46' lang='lat' dir='ltr'>qh.</span> <span class='ocrx_word' id='word_1_33' title='bbox 853 966 927 1044; x_wconf 60' lang='lat' dir='ltr'>lob}</span> <span class='ocrx_word' id='word_1_34' title='bbox 971 968 1133 1029; x_wconf 84' lang='lat' dir='ltr'>Residuum</span> <span class='ocrx_word' id='word_1_35' title='bbox 1146 974 1244 1030; x_wconf 91' lang='lat' dir='ltr'>eutem</span> <span class='ocrx_word' id='word_1_36' title='bbox 1253 970 1364 1033; x_wconf 85' lang='lat' dir='ltr'>habent</span> 
     </span>
     <span class='ocr_line' id='line_1_7' title="bbox 266 1049 1364 1129; baseline 0.001 -16"><span class='ocrx_word' id='word_1_37' title='bbox 266 1054 338 1114; x_wconf 89' lang='lat' dir='ltr'>dieti</span> <span class='ocrx_word' id='word_1_38' title='bbox 364 1052 500 1113; x_wconf 87' lang='lat' dir='ltr'>monachi</span> <span class='ocrx_word' id='word_1_39' title='bbox 525 1052 557 1112; x_wconf 87' lang='lat' dir='ltr'>in</span> <span class='ocrx_word' id='word_1_40' title='bbox 584 1051 708 1129; x_wconf 80' lang='lat' dir='ltr'>propriis</span> <span class='ocrx_word' id='word_1_41' title='bbox 733 1052 779 1111; x_wconf 86' lang='lat' dir='ltr'>uei</span> <span class='ocrx_word' id='word_1_42' title='bbox 800 1069 835 1112; x_wconf 86' lang='lat' dir='ltr'>ue</span> <span class='ocrx_word' id='word_1_43' title='bbox 861 1051 1032 1111; x_wconf 86' lang='lat' dir='ltr'>anctoritate</span> <span class='ocrx_word' id='word_1_44' title='bbox 1061 1049 1191 1112; x_wconf 83' lang='lat' dir='ltr'>Sauarioi</span> <span class='ocrx_word' id='word_1_45' title='bbox 1217 1053 1364 1129; x_wconf 87' lang='lat' dir='ltr'>quondam</span> 
     </span>
     <span class='ocr_line' id='line_1_8' title="bbox 265 1131 720 1210; baseline -0.009 -15"><span class='ocrx_word' id='word_1_46' title='bbox 265 1134 471 1196; x_wconf 84' lang='lat' dir='ltr'>Archidieconi</span> <span class='ocrx_word' id='word_1_47' title='bbox 487 1133 518 1194; x_wconf 88' lang='lat' dir='ltr'>N</span> <span class='ocrx_word' id='word_1_48' title='bbox 518 1131 720 1210; x_wconf 85' lang='lat' dir='ltr'>orthampton’.</span> 
     </span>
    </p>
   </div>
   <div class='ocr_carea' id='block_1_3' title="bbox 264 1317 1365 1564">
    <p class='ocr_par' dir='ltr' id='par_1_3' title="bbox 264 1317 1365 1564">
     <span class='ocr_line' id='line_1_9' title="bbox 326 1317 1365 1397; baseline 0.001 -16"><span class='ocrx_word' id='word_1_49' title='bbox 326 1331 457 1388; x_wconf 69' lang='lat' dir='ltr'>nones.</span> <span class='ocrx_word' id='word_1_50' title='bbox 482 1320 600 1382; x_wconf 85' lang='lat' dir='ltr'>Vicarie</span> <span class='ocrx_word' id='word_1_51' title='bbox 611 1319 646 1379; x_wconf 94' lang='lat' dir='ltr'>in</span> <span class='ocrx_word' id='word_1_52' title='bbox 658 1317 813 1380; x_wconf 76' lang='lat' dir='ltr'>medietate</span> <span class='ocrx_word' id='word_1_53' title='bbox 832 1317 949 1379; x_wconf 87' lang='lat' dir='ltr'>ecclesie</span> <span class='ocrx_word' id='word_1_54' title='bbox 963 1317 1000 1378; x_wconf 91' lang='lat' dir='ltr'>de</span> <span class='ocrx_word' id='word_1_55' title='bbox 1013 1317 1110 1378; x_wconf 80' lang='lat' dir='ltr'>Redeo</span> <span class='ocrx_word' id='word_1_56' title='bbox 1123 1336 1180 1397; x_wconf 89' lang='lat' dir='ltr'>que</span> <span class='ocrx_word' id='word_1_57' title='bbox 1194 1323 1237 1380; x_wconf 89' lang='lat' dir='ltr'>eet</span> <span class='ocrx_word' id='word_1_58' title='bbox 1251 1319 1365 1382; x_wconf 84' lang='lat' dir='ltr'>abbatis</span> 
     </span>
     <span class='ocr_line' id='line_1_10' title="bbox 264 1399 1365 1480; baseline -0.002 -16"><span class='ocrx_word' id='word_1_59' title='bbox 264 1407 294 1464; x_wconf 91' lang='lat' dir='ltr'>et</span> <span class='ocrx_word' id='word_1_60' title='bbox 321 1408 483 1464; x_wconf 89' lang='lat' dir='ltr'>conventus</span> <span class='ocrx_word' id='word_1_61' title='bbox 509 1403 540 1464; x_wconf 81' lang='lat' dir='ltr'>S.</span> <span class='ocrx_word' id='word_1_62' title='bbox 562 1400 667 1462; x_wconf 83' lang='lat' dir='ltr'>Jacobi</span> <span class='ocrx_word' id='word_1_63' title='bbox 689 1400 915 1478; x_wconf 85' lang='lat' dir='ltr'>Northempton&#39;</span> <span class='ocrx_word' id='word_1_64' title='bbox 939 1405 969 1460; x_wconf 90' lang='lat' dir='ltr'>et</span> <span class='ocrx_word' id='word_1_65' title='bbox 996 1399 1075 1460; x_wconf 88' lang='lat' dir='ltr'>valet</span> <span class='ocrx_word' id='word_1_66' title='bbox 1096 1419 1138 1461; x_wconf 84' lang='lat' dir='ltr'>xv</span> <span class='ocrx_word' id='word_1_67' title='bbox 1161 1399 1247 1462; x_wconf 84' lang='lat' dir='ltr'>marc&#39;</span> <span class='ocrx_word' id='word_1_68' title='bbox 1269 1407 1365 1480; x_wconf 83' lang='lat' dir='ltr'>preter</span> 
     </span>
     <span class='ocr_line' id='line_1_11' title="bbox 264 1477 889 1564; baseline -0.006 -18"><span class='ocrx_word' id='word_1_69' title='bbox 264 1485 434 1562; x_wconf 86' lang='lat' dir='ltr'>elteragium</span> <span class='ocrx_word' id='word_1_70' title='bbox 447 1483 526 1562; x_wconf 88' lang='lat' dir='ltr'>quod</span> <span class='ocrx_word' id='word_1_71' title='bbox 539 1483 651 1560; x_wconf 78' lang='lat' dir='ltr'>veletij</span> <span class='ocrx_word' id='word_1_72' title='bbox 666 1480 752 1542; x_wconf 85' lang='lat' dir='ltr'>mare&#39;</span> <span class='ocrx_word' id='word_1_73' title='bbox 767 1477 889 1564; x_wconf 74' lang='lat' dir='ltr'>[bloet]⁸</span> 
     </span>
    </p>
   </div>
   <div class='ocr_carea' id='block_1_4' title="bbox 263 1667 1369 2318">
    <p class='ocr_par' dir='ltr' id='par_1_4' title="bbox 263 1667 1369 2318">
     <span class='ocr_line' id='line_1_12' title="bbox 326 1667 1367 1748; baseline -0.002 -15"><span class='ocrx_word' id='word_1_74' title='bbox 326 1679 505 1735; x_wconf 73' lang='grc' dir='ltr'>ΡΒΕΒΤΟΝ.</span> <span class='ocrx_word' id='word_1_75' title='bbox 531 1669 649 1731; x_wconf 74' lang='lat' dir='ltr'>Vicetia</span> <span class='ocrx_word' id='word_1_76' title='bbox 669 1671 702 1729; x_wconf 92' lang='lat' dir='ltr'>in</span> <span class='ocrx_word' id='word_1_77' title='bbox 726 1669 845 1730; x_wconf 86' lang='lat' dir='ltr'>ecclesia</span> <span class='ocrx_word' id='word_1_78' title='bbox 868 1668 904 1728; x_wconf 88' lang='lat' dir='ltr'>de</span> <span class='ocrx_word' id='word_1_79' title='bbox 924 1667 1048 1728; x_wconf 89' lang='lat' dir='ltr'>Preston</span> <span class='ocrx_word' id='word_1_80' title='bbox 1072 1687 1129 1746; x_wconf 88' lang='lat' dir='ltr'>qua</span> <span class='ocrx_word' id='word_1_81' title='bbox 1149 1672 1194 1728; x_wconf 87' lang='lat' dir='ltr'>est</span> <span class='ocrx_word' id='word_1_82' title='bbox 1212 1669 1317 1748; x_wconf 84' lang='lat' dir='ltr'>prioris</span> <span class='ocrx_word' id='word_1_83' title='bbox 1337 1676 1367 1731; x_wconf 91' lang='lat' dir='ltr'>et</span> 
     </span>
     <span class='ocr_line' id='line_1_13' title="bbox 264 1749 1367 1829; baseline -0.001 -16"><span class='ocrx_word' id='word_1_84' title='bbox 264 1756 426 1813; x_wconf 87' lang='lat' dir='ltr'>conventus</span> <span class='ocrx_word' id='word_1_85' title='bbox 440 1750 469 1812; x_wconf 78' lang='lat' dir='ltr'>S.</span> <span class='ocrx_word' id='word_1_86' title='bbox 485 1751 602 1812; x_wconf 87' lang='lat' dir='ltr'>Andree</span> <span class='ocrx_word' id='word_1_87' title='bbox 616 1750 841 1829; x_wconf 84' lang='lat' dir='ltr'>Northampton’</span> <span class='ocrx_word' id='word_1_88' title='bbox 855 1750 1027 1810; x_wconf 85' lang='lat' dir='ltr'>auctoritate</span> <span class='ocrx_word' id='word_1_89' title='bbox 1047 1749 1162 1809; x_wconf 88' lang='lat' dir='ltr'>concilii</span> <span class='ocrx_word' id='word_1_90' title='bbox 1176 1751 1309 1812; x_wconf 86' lang='lat' dir='ltr'>ordinate</span> <span class='ocrx_word' id='word_1_91' title='bbox 1323 1757 1367 1812; x_wconf 90' lang='lat' dir='ltr'>est</span> 
     </span>
     <span class='ocr_line' id='line_1_14' title="bbox 265 1832 1367 1908; baseline 0 -15"><span class='ocrx_word' id='word_1_92' title='bbox 265 1835 298 1893; x_wconf 94' lang='lat' dir='ltr'>in</span> <span class='ocrx_word' id='word_1_93' title='bbox 315 1833 397 1894; x_wconf 90' lang='lat' dir='ltr'>hunc</span> <span class='ocrx_word' id='word_1_94' title='bbox 420 1832 547 1893; x_wconf 89' lang='lat' dir='ltr'>modum</span> <span class='ocrx_word' id='word_1_95' title='bbox 590 1832 724 1893; x_wconf 88' lang='lat' dir='ltr'>Viearius</span> <span class='ocrx_word' id='word_1_96' title='bbox 737 1832 859 1892; x_wconf 77' lang='lat' dir='ltr'>hebebit</span> <span class='ocrx_word' id='word_1_97' title='bbox 871 1832 989 1891; x_wconf 89' lang='lat' dir='ltr'>nomine</span> <span class='ocrx_word' id='word_1_98' title='bbox 1003 1834 1140 1908; x_wconf 78' lang='lat' dir='ltr'>perpetue</span> <span class='ocrx_word' id='word_1_99' title='bbox 1153 1832 1259 1892; x_wconf 80' lang='lat' dir='ltr'>vicarie</span> <span class='ocrx_word' id='word_1_100' title='bbox 1271 1838 1367 1893; x_wconf 89' lang='lat' dir='ltr'>totum</span> 
     </span>
     <span class='ocr_line' id='line_1_15' title="bbox 265 1912 1369 1992; baseline -0.001 -16"><span class='ocrx_word' id='word_1_101' title='bbox 265 1915 436 1992; x_wconf 78' lang='lat' dir='ltr'>eltaaegium</span> <span class='ocrx_word' id='word_1_102' title='bbox 459 1918 489 1973; x_wconf 88' lang='lat' dir='ltr'>et</span> <span class='ocrx_word' id='word_1_103' title='bbox 512 1915 638 1974; x_wconf 83' lang='lat' dir='ltr'>decimas</span> <span class='ocrx_word' id='word_1_104' title='bbox 664 1913 794 1974; x_wconf 78' lang='lat' dir='ltr'>veientes</span> <span class='ocrx_word' id='word_1_105' title='bbox 821 1913 929 1990; x_wconf 85' lang='lat' dir='ltr'>viginti</span> <span class='ocrx_word' id='word_1_106' title='bbox 955 1915 1014 1972; x_wconf 83' lang='lat' dir='ltr'>tres</span> <span class='ocrx_word' id='word_1_107' title='bbox 1043 1912 1152 1972; x_wconf 86' lang='lat' dir='ltr'>solidos</span> <span class='ocrx_word' id='word_1_108' title='bbox 1178 1932 1290 1974; x_wconf 85' lang='lat' dir='ltr'>annuos</span> <span class='ocrx_word' id='word_1_109' title='bbox 1316 1933 1369 1992; x_wconf 84' lang='lat' dir='ltr'>per</span> 
     </span>
     <span class='ocr_line' id='line_1_16' title="bbox 264 1993 1368 2074; baseline -0.001 -18"><span class='ocrx_word' id='word_1_110' title='bbox 264 1995 499 2056; x_wconf 80' lang='lat' dir='ltr'>archidiaconum</span> <span class='ocrx_word' id='word_1_111' title='bbox 519 1995 706 2074; x_wconf 79' lang='lat' dir='ltr'>assignandos</span> <span class='ocrx_word' id='word_1_112' title='bbox 725 1995 759 2054; x_wconf 91' lang='lat' dir='ltr'>in</span> <span class='ocrx_word' id='word_1_113' title='bbox 772 1998 849 2054; x_wconf 87' lang='lat' dir='ltr'>certo</span> <span class='ocrx_word' id='word_1_114' title='bbox 871 1993 936 2053; x_wconf 87' lang='lat' dir='ltr'>ioco</span> <span class='ocrx_word' id='word_1_115' title='bbox 949 2012 1016 2053; x_wconf 91' lang='lat' dir='ltr'>cum</span> <span class='ocrx_word' id='word_1_116' title='bbox 1028 2011 1129 2053; x_wconf 90' lang='lat' dir='ltr'>manso</span> <span class='ocrx_word' id='word_1_117' title='bbox 1143 1999 1324 2072; x_wconf 87' lang='lat' dir='ltr'>competente</span> <span class='ocrx_word' id='word_1_118' title='bbox 1338 1999 1368 2055; x_wconf 92' lang='lat' dir='ltr'>et</span> 
     </span>
     <span class='ocr_line' id='line_1_17' title="bbox 263 2075 1366 2153; baseline -0.001 -16"><span class='ocrx_word' id='word_1_119' title='bbox 263 2076 384 2137; x_wconf 86' lang='lat' dir='ltr'>habebit</span> <span class='ocrx_word' id='word_1_120' title='bbox 397 2095 581 2138; x_wconf 92' lang='lat' dir='ltr'>communem</span> <span class='ocrx_word' id='word_1_121' title='bbox 597 2080 714 2153; x_wconf 81' lang='lat' dir='ltr'>pastore</span> <span class='ocrx_word' id='word_1_122' title='bbox 733 2079 844 2153; x_wconf 86' lang='lat' dir='ltr'>quanta</span> <span class='ocrx_word' id='word_1_123' title='bbox 863 2075 990 2152; x_wconf 87' lang='lat' dir='ltr'>pertinet</span> <span class='ocrx_word' id='word_1_124' title='bbox 1009 2075 1070 2134; x_wconf 89' lang='lat' dir='ltr'>adi</span> <span class='ocrx_word' id='word_1_125' title='bbox 1085 2075 1227 2152; x_wconf 78' lang='lat' dir='ltr'>virgatam</span> <span class='ocrx_word' id='word_1_126' title='bbox 1247 2081 1322 2136; x_wconf 87' lang='lat' dir='ltr'>teme</span> <span class='ocrx_word' id='word_1_127' title='bbox 1336 2081 1366 2136; x_wconf 90' lang='lat' dir='ltr'>et</span> 
     </span>
     <span class='ocr_line' id='line_1_18' title="bbox 264 2155 1367 2233; baseline 0 -15"><span class='ocrx_word' id='word_1_128' title='bbox 264 2159 359 2218; x_wconf 86' lang='lat' dir='ltr'>solvet</span> <span class='ocrx_word' id='word_1_129' title='bbox 369 2157 492 2218; x_wconf 83' lang='lat' dir='ltr'>vicarius</span> <span class='ocrx_word' id='word_1_130' title='bbox 500 2157 642 2218; x_wconf 85' lang='lat' dir='ltr'>sinodalia</span> <span class='ocrx_word' id='word_1_131' title='bbox 651 2161 767 2218; x_wconf 85' lang='lat' dir='ltr'>tantum</span> <span class='ocrx_word' id='word_1_132' title='bbox 777 2155 913 2217; x_wconf 86' lang='lat' dir='ltr'>monachi</span> <span class='ocrx_word' id='word_1_133' title='bbox 922 2174 990 2216; x_wconf 87' lang='lat' dir='ltr'>vero</span> <span class='ocrx_word' id='word_1_134' title='bbox 999 2155 1162 2233; x_wconf 88' lang='lat' dir='ltr'>hospicium</span> <span class='ocrx_word' id='word_1_135' title='bbox 1172 2157 1367 2218; x_wconf 76' lang='lat' dir='ltr'>archidiaconi</span> 
     </span>
     <span class='ocr_line' id='line_1_19' title="bbox 264 2239 467 2318; baseline 0 -17"><span class='ocrx_word' id='word_1_136' title='bbox 264 2239 467 2318; x_wconf 86' lang='lat' dir='ltr'>procurabunt.</span> 
     </span>
    </p>
   </div>
   <div class='ocr_carea' id='block_1_5' title="bbox 263 2423 1367 2666">
    <p class='ocr_par' dir='ltr' id='par_1_5' title="bbox 263 2423 1367 2666">
     <span class='ocr_line' id='line_1_20' title="bbox 326 2423 1367 2502; baseline 0.003 -17"><span class='ocrx_word' id='word_1_137' title='bbox 326 2441 491 2496; x_wconf 72' lang='grc' dir='ltr'>ΗοῃτοΝ,</span> <span class='ocrx_word' id='word_1_138' title='bbox 530 2425 648 2487; x_wconf 85' lang='lat' dir='ltr'>Vicania</span> <span class='ocrx_word' id='word_1_139' title='bbox 670 2425 704 2486; x_wconf 90' lang='lat' dir='ltr'>in</span> <span class='ocrx_word' id='word_1_140' title='bbox 727 2425 846 2486; x_wconf 87' lang='lat' dir='ltr'>ecclesia</span> <span class='ocrx_word' id='word_1_141' title='bbox 868 2423 905 2484; x_wconf 91' lang='lat' dir='ltr'>de</span> <span class='ocrx_word' id='word_1_142' title='bbox 927 2425 1043 2484; x_wconf 91' lang='lat' dir='ltr'>Horton</span> <span class='ocrx_word' id='word_1_143' title='bbox 1063 2443 1120 2502; x_wconf 89' lang='lat' dir='ltr'>que</span> <span class='ocrx_word' id='word_1_144' title='bbox 1140 2428 1185 2484; x_wconf 88' lang='lat' dir='ltr'>est</span> <span class='ocrx_word' id='word_1_145' title='bbox 1204 2424 1318 2486; x_wconf 81' lang='lat' dir='ltr'>abbatis</span> <span class='ocrx_word' id='word_1_146' title='bbox 1337 2432 1367 2488; x_wconf 91' lang='lat' dir='ltr'>et</span> 
     </span>
     <span class='ocr_line' id='line_1_21' title="bbox 264 2504 1366 2584; baseline 0 -16"><span class='ocrx_word' id='word_1_147' title='bbox 264 2513 425 2568; x_wconf 82' lang='lat' dir='ltr'>conventus</span> <span class='ocrx_word' id='word_1_148' title='bbox 453 2507 482 2568; x_wconf 82' lang='lat' dir='ltr'>S.</span> <span class='ocrx_word' id='word_1_149' title='bbox 508 2507 612 2568; x_wconf 86' lang='lat' dir='ltr'>Jacobi</span> <span class='ocrx_word' id='word_1_150' title='bbox 639 2504 866 2584; x_wconf 80' lang='lat' dir='ltr'>Northempton’</span> <span class='ocrx_word' id='word_1_151' title='bbox 890 2507 1062 2566; x_wconf 86' lang='lat' dir='ltr'>anctoritate</span> <span class='ocrx_word' id='word_1_152' title='bbox 1089 2505 1205 2566; x_wconf 88' lang='lat' dir='ltr'>concilii</span> <span class='ocrx_word' id='word_1_153' title='bbox 1232 2507 1366 2568; x_wconf 88' lang='lat' dir='ltr'>ordinata</span> 
     </span>
     <span class='ocr_line' id='line_1_22' title="bbox 263 2587 1367 2666; baseline 0.002 -18"><span class='ocrx_word' id='word_1_154' title='bbox 263 2588 579 2650; x_wconf 81' lang='lat' dir='ltr'>eetinhuncmodune</span> <span class='ocrx_word' id='word_1_155' title='bbox 611 2587 746 2649; x_wconf 82' lang='lat' dir='ltr'>Vioarius</span> <span class='ocrx_word' id='word_1_156' title='bbox 756 2587 1367 2666; x_wconf 86' lang='lat' dir='ltr'>habebitnomineperpetuevicanietotum</span> 
     </span>
    </p>
   </div>
   <div class='ocr_carea' id='block_1_6' title="bbox 262 2669 1482 2749">
    <p class='ocr_par' dir='ltr' id='par_1_6' title="bbox 262 2669 1482 2749">
     <span class='ocr_line' id='line_1_23' title="bbox 262 2669 1482 2749; baseline 0.001 -19"><span class='ocrx_word' id='word_1_157' title='bbox 262 2669 433 2748; x_wconf 82' lang='lat' dir='ltr'>eltaregium</span> <span class='ocrx_word' id='word_1_158' title='bbox 453 2689 520 2730; x_wconf 91' lang='lat' dir='ltr'>cum</span> <span class='ocrx_word' id='word_1_159' title='bbox 539 2689 640 2730; x_wconf 88' lang='lat' dir='ltr'>maneo</span> <span class='ocrx_word' id='word_1_160' title='bbox 660 2673 841 2749; x_wconf 89' lang='lat' dir='ltr'>competente</span> <span class='ocrx_word' id='word_1_161' title='bbox 861 2673 892 2729; x_wconf 89' lang='lat' dir='ltr'>et</span> <span class='ocrx_word' id='word_1_162' title='bbox 914 2669 1067 2729; x_wconf 70' lang='lat' dir='ltr'>dimidient</span> <span class='ocrx_word' id='word_1_163' title='bbox 1093 2683 1219 2732; x_wconf 82' lang='lat' dir='ltr'>mercem</span> <span class='ocrx_word' id='word_1_164' title='bbox 1238 2689 1366 2731; x_wconf 85' lang='lat' dir='ltr'>annuam</span> <span class='ocrx_word' id='word_1_165' title='bbox 1480 2715 1482 2722; x_wconf 82' lang='grc'>.</span> 
     </span>
    </p>
   </div>
   <div class='ocr_carea' id='block_1_7' title="bbox 261 2750 1366 2911">
    <p class='ocr_par' dir='ltr' id='par_1_7' title="bbox 261 2750 1366 2911">
     <span class='ocr_line' id='line_1_24' title="bbox 261 2750 1366 2830; baseline 0.002 -20"><span class='ocrx_word' id='word_1_166' title='bbox 261 2751 295 2810; x_wconf 93' lang='lat' dir='ltr'>in</span> <span class='ocrx_word' id='word_1_167' title='bbox 322 2757 398 2812; x_wconf 87' lang='lat' dir='ltr'>certo</span> <span class='ocrx_word' id='word_1_168' title='bbox 424 2753 487 2813; x_wconf 90' lang='lat' dir='ltr'>loco</span> <span class='ocrx_word' id='word_1_169' title='bbox 507 2751 710 2830; x_wconf 75' lang='lat' dir='ltr'>assignandam</span> <span class='ocrx_word' id='word_1_170' title='bbox 729 2770 781 2829; x_wconf 89' lang='lat' dir='ltr'>per</span> <span class='ocrx_word' id='word_1_171' title='bbox 800 2750 1034 2811; x_wconf 81' lang='lat' dir='ltr'>archidieconum</span> <span class='ocrx_word' id='word_1_172' title='bbox 1060 2754 1090 2810; x_wconf 90' lang='lat' dir='ltr'>et</span> <span class='ocrx_word' id='word_1_173' title='bbox 1104 2751 1204 2810; x_wconf 81' lang='lat' dir='ltr'>solvet</span> <span class='ocrx_word' id='word_1_174' title='bbox 1223 2751 1366 2812; x_wconf 87' lang='lat' dir='ltr'>sinodalia</span> 
     </span>
     <span class='ocr_line' id='line_1_25' title="bbox 262 2833 1241 2911; baseline -0.002 -17"><span class='ocrx_word' id='word_1_175' title='bbox 262 2837 385 2894; x_wconf 85' lang='lat' dir='ltr'>tantum.</span> <span class='ocrx_word' id='word_1_176' title='bbox 417 2834 559 2895; x_wconf 76' lang='lat' dir='ltr'>canonici</span> <span class='ocrx_word' id='word_1_177' title='bbox 571 2852 639 2895; x_wconf 87' lang='lat' dir='ltr'>vero</span> <span class='ocrx_word' id='word_1_178' title='bbox 654 2833 817 2911; x_wconf 87' lang='lat' dir='ltr'>hospicium</span> <span class='ocrx_word' id='word_1_179' title='bbox 831 2833 1025 2892; x_wconf 83' lang='lat' dir='ltr'>archidiaconi</span> <span class='ocrx_word' id='word_1_180' title='bbox 1038 2833 1241 2909; x_wconf 79' lang='lat' dir='ltr'>procurabunt</span> 
     </span>
    </p>
   </div>
   <div class='ocr_carea' id='block_1_8' title="bbox 261 3017 1365 3502">
    <p class='ocr_par' dir='ltr' id='par_1_8' title="bbox 261 3017 1365 3502">
     <span class='ocr_line' id='line_1_26' title="bbox 325 3017 1365 3096; baseline 0 -17"><span class='ocrx_word' id='word_1_181' title='bbox 325 3033 537 3089; x_wconf 71' lang='grc' dir='ltr'><strong>ΒῃΑΜιτευῠ,</strong></span> <span class='ocrx_word' id='word_1_182' title='bbox 563 3019 681 3080; x_wconf 87' lang='lat' dir='ltr'>Vicaria</span> <span class='ocrx_word' id='word_1_183' title='bbox 700 3019 733 3078; x_wconf 92' lang='lat' dir='ltr'>in</span> <span class='ocrx_word' id='word_1_184' title='bbox 753 3017 872 3079; x_wconf 85' lang='lat' dir='ltr'>ecclesia</span> <span class='ocrx_word' id='word_1_185' title='bbox 892 3017 929 3078; x_wconf 91' lang='lat' dir='ltr'>de</span> <span class='ocrx_word' id='word_1_186' title='bbox 943 3018 1101 3078; x_wconf 84' lang='lat' dir='ltr'>Bramfeud</span> <span class='ocrx_word' id='word_1_187' title='bbox 1120 3037 1177 3096; x_wconf 89' lang='lat' dir='ltr'>que</span> <span class='ocrx_word' id='word_1_188' title='bbox 1198 3022 1243 3079; x_wconf 90' lang='lat' dir='ltr'>est</span> <span class='ocrx_word' id='word_1_189' title='bbox 1260 3019 1365 3096; x_wconf 84' lang='lat' dir='ltr'>prioris</span> 
     </span>
     <span class='ocr_line' id='line_1_27' title="bbox 262 3099 1363 3176; baseline 0.001 -16"><span class='ocrx_word' id='word_1_190' title='bbox 262 3104 293 3161; x_wconf 90' lang='lat' dir='ltr'>et</span> <span class='ocrx_word' id='word_1_191' title='bbox 309 3105 470 3160; x_wconf 78' lang='lat' dir='ltr'>conventus</span> <span class='ocrx_word' id='word_1_192' title='bbox 490 3100 519 3161; x_wconf 75' lang='lat' dir='ltr'>S.</span> <span class='ocrx_word' id='word_1_193' title='bbox 535 3100 652 3160; x_wconf 86' lang='lat' dir='ltr'>Andree</span> <span class='ocrx_word' id='word_1_194' title='bbox 665 3099 892 3176; x_wconf 88' lang='lat' dir='ltr'>Northempton&#39;</span> <span class='ocrx_word' id='word_1_195' title='bbox 905 3101 1075 3160; x_wconf 86' lang='lat' dir='ltr'>auctoritate</span> <span class='ocrx_word' id='word_1_196' title='bbox 1095 3100 1211 3160; x_wconf 87' lang='lat' dir='ltr'>concilii</span> <span class='ocrx_word' id='word_1_197' title='bbox 1230 3101 1363 3162; x_wconf 82' lang='lat' dir='ltr'>ordinata</span> 
     </span>
     <span class='ocr_line' id='line_1_28' title="bbox 262 3179 1363 3259; baseline 0.001 -17"><span class='ocrx_word' id='word_1_198' title='bbox 262 3187 306 3242; x_wconf 87' lang='lat' dir='ltr'>est</span> <span class='ocrx_word' id='word_1_199' title='bbox 320 3183 370 3242; x_wconf 87' lang='lat' dir='ltr'>eie.</span> <span class='ocrx_word' id='word_1_200' title='bbox 412 3179 547 3241; x_wconf 77' lang='lat' dir='ltr'>vicarius</span> <span class='ocrx_word' id='word_1_201' title='bbox 559 3180 685 3241; x_wconf 84' lang='lat' dir='ltr'>habebit</span> <span class='ocrx_word' id='word_1_202' title='bbox 694 3181 812 3241; x_wconf 91' lang='lat' dir='ltr'>nomine</span> <span class='ocrx_word' id='word_1_203' title='bbox 822 3185 960 3258; x_wconf 88' lang='lat' dir='ltr'>perpetue</span> <span class='ocrx_word' id='word_1_204' title='bbox 969 3181 1076 3240; x_wconf 83' lang='lat' dir='ltr'>vicarie</span> <span class='ocrx_word' id='word_1_205' title='bbox 1085 3185 1182 3241; x_wconf 89' lang='lat' dir='ltr'>totum</span> <span class='ocrx_word' id='word_1_206' title='bbox 1192 3181 1363 3259; x_wconf 84' lang='lat' dir='ltr'>elteragium</span> 
     </span>
     <span class='ocr_line' id='line_1_29' title="bbox 262 3260 1362 3340; baseline 0.001 -17"><span class='ocrx_word' id='word_1_207' title='bbox 262 3282 329 3323; x_wconf 88' lang='lat' dir='ltr'>cum</span> <span class='ocrx_word' id='word_1_208' title='bbox 342 3260 496 3340; x_wconf 83' lang='lat' dir='ltr'>principali</span> <span class='ocrx_word' id='word_1_209' title='bbox 508 3262 602 3340; x_wconf 80' lang='lat' dir='ltr'>legato</span> <span class='ocrx_word' id='word_1_210' title='bbox 616 3266 646 3321; x_wconf 90' lang='lat' dir='ltr'>et</span> <span class='ocrx_word' id='word_1_211' title='bbox 661 3265 768 3321; x_wconf 88' lang='lat' dir='ltr'>terrem</span> <span class='ocrx_word' id='word_1_212' title='bbox 783 3261 901 3321; x_wconf 85' lang='lat' dir='ltr'>ecclesie</span> <span class='ocrx_word' id='word_1_213' title='bbox 913 3261 947 3321; x_wconf 91' lang='lat' dir='ltr'>in</span> <span class='ocrx_word' id='word_1_214' title='bbox 960 3261 1105 3322; x_wconf 88' lang='lat' dir='ltr'>dominico</span> <span class='ocrx_word' id='word_1_215' title='bbox 1120 3265 1150 3322; x_wconf 90' lang='lat' dir='ltr'>et</span> <span class='ocrx_word' id='word_1_216' title='bbox 1162 3263 1292 3327; x_wconf 85' lang='lat' dir='ltr'>serviciis</span> <span class='ocrx_word' id='word_1_217' title='bbox 1305 3283 1362 3340; x_wconf 90' lang='lat' dir='ltr'>que</span> 
     </span>
     <span class='ocr_line' id='line_1_30' title="bbox 261 3343 1362 3421; baseline 0.002 -17"><span class='ocrx_word' id='word_1_218' title='bbox 261 3344 361 3404; x_wconf 87' lang='lat' dir='ltr'>valent</span> <span class='ocrx_word' id='word_1_219' title='bbox 374 3362 426 3421; x_wconf 88' lang='lat' dir='ltr'>pen</span> <span class='ocrx_word' id='word_1_220' title='bbox 438 3361 548 3403; x_wconf 88' lang='lat' dir='ltr'>annum</span> <span class='ocrx_word' id='word_1_221' title='bbox 561 3343 600 3402; x_wconf 91' lang='lat' dir='ltr'>ed</span> <span class='ocrx_word' id='word_1_222' title='bbox 611 3343 710 3403; x_wconf 83' lang='lat' dir='ltr'>minus</span> <span class='ocrx_word' id='word_1_223' title='bbox 729 3343 805 3418; x_wconf 84' lang='lat' dir='ltr'>xvjs.</span> <span class='ocrx_word' id='word_1_224' title='bbox 821 3361 888 3402; x_wconf 90' lang='lat' dir='ltr'>oum</span> <span class='ocrx_word' id='word_1_225' title='bbox 907 3361 1008 3402; x_wconf 89' lang='lat' dir='ltr'>menso</span> <span class='ocrx_word' id='word_1_226' title='bbox 1028 3347 1211 3421; x_wconf 87' lang='lat' dir='ltr'>competente</span> <span class='ocrx_word' id='word_1_227' title='bbox 1224 3349 1254 3403; x_wconf 88' lang='lat' dir='ltr'>et</span> <span class='ocrx_word' id='word_1_228' title='bbox 1268 3345 1362 3406; x_wconf 84' lang='lat' dir='ltr'>solvet</span> 
     </span>
     <span class='ocr_line' id='line_1_31' title="bbox 262 3423 1359 3502; baseline 0 -16"><span class='ocrx_word' id='word_1_229' title='bbox 262 3424 403 3486; x_wconf 79' lang='lat' dir='ltr'>sinodalia</span> <span class='ocrx_word' id='word_1_230' title='bbox 412 3428 546 3486; x_wconf 86' lang='lat' dir='ltr'>tentum:</span> <span class='ocrx_word' id='word_1_231' title='bbox 559 3425 694 3485; x_wconf 84' lang='lat' dir='ltr'>monachi</span> <span class='ocrx_word' id='word_1_232' title='bbox 703 3440 773 3485; x_wconf 82' lang='lat' dir='ltr'>vero</span> <span class='ocrx_word' id='word_1_233' title='bbox 783 3423 947 3502; x_wconf 85' lang='lat' dir='ltr'>hospicium</span> <span class='ocrx_word' id='word_1_234' title='bbox 954 3423 1149 3485; x_wconf 79' lang='lat' dir='ltr'>archidiaconi</span> <span class='ocrx_word' id='word_1_235' title='bbox 1156 3425 1359 3502; x_wconf 79' lang='lat' dir='ltr'>procurabunt.</span> 
     </span>
    </p>
   </div>
   <div class='ocr_carea' id='block_1_9' title="bbox 261 3611 1362 3778">
    <p class='ocr_par' dir='ltr' id='par_1_9' title="bbox 261 3611 1362 3778">
     <span class='ocr_line' id='line_1_32' title="bbox 323 3611 1362 3692; baseline -0.001 -17"><span class='ocrx_word' id='word_1_236' title='bbox 323 3627 443 3682; x_wconf 73' lang='grc' dir='ltr'>ΡΑκνΑ</span> <span class='ocrx_word' id='word_1_237' title='bbox 469 3621 664 3682; x_wconf 70' lang='lat' dir='ltr'>esoce-ivon.</span> <span class='ocrx_word' id='word_1_238' title='bbox 708 3611 826 3672; x_wconf 72' lang='lat' dir='ltr'>Vicetia</span> <span class='ocrx_word' id='word_1_239' title='bbox 837 3613 871 3672; x_wconf 90' lang='lat' dir='ltr'>in</span> <span class='ocrx_word' id='word_1_240' title='bbox 883 3613 1001 3673; x_wconf 84' lang='lat' dir='ltr'>ecclesie</span> <span class='ocrx_word' id='word_1_241' title='bbox 1014 3613 1051 3673; x_wconf 88' lang='lat' dir='ltr'>de</span> <span class='ocrx_word' id='word_1_242' title='bbox 1065 3613 1160 3675; x_wconf 84' lang='lat' dir='ltr'>Parve</span> <span class='ocrx_word' id='word_1_243' title='bbox 1173 3613 1291 3674; x_wconf 86' lang='lat' dir='ltr'>Hocton</span> <span class='ocrx_word' id='word_1_244' title='bbox 1305 3632 1362 3692; x_wconf 87' lang='lat' dir='ltr'>que</span> 
     </span>
     <span class='ocr_line' id='line_1_33' title="bbox 261 3691 1068 3778; baseline 0 -24"><span class='ocrx_word' id='word_1_245' title='bbox 261 3699 305 3756; x_wconf 87' lang='lat' dir='ltr'>est</span> <span class='ocrx_word' id='word_1_246' title='bbox 318 3694 475 3756; x_wconf 88' lang='lat' dir='ltr'>eorundem</span> <span class='ocrx_word' id='word_1_247' title='bbox 488 3695 658 3755; x_wconf 85' lang='lat' dir='ltr'>auctoritate</span> <span class='ocrx_word' id='word_1_248' title='bbox 670 3695 787 3754; x_wconf 87' lang='lat' dir='ltr'>concilii</span> <span class='ocrx_word' id='word_1_249' title='bbox 799 3693 933 3756; x_wconf 87' lang='lat' dir='ltr'>ordinata</span> <span class='ocrx_word' id='word_1_250' title='bbox 946 3691 1068 3778; x_wconf 61' lang='lat' dir='ltr'>[dioclet</span> 
     </span>
    </p>
   </div>
   <div class='ocr_carea' id='block_1_10' title="bbox 227 3880 1360 4285">
    <p class='ocr_par' dir='ltr' id='par_1_10' title="bbox 227 3880 1360 4285">
     <span class='ocr_line' id='line_1_34' title="bbox 227 3880 1360 3960; baseline -0.005 -9"><span class='ocrx_word' id='word_1_251' title='bbox 227 3923 233 3934; x_wconf 49' lang='grc' dir='ltr'><strong><em>ι</em></strong></span> <span class='ocrx_word' id='word_1_252' title='bbox 323 3894 672 3950; x_wconf 72' lang='grc' dir='ltr'>ΗΑΒῠΙΝΘΕεΤΗΟΒΝ.</span> <span class='ocrx_word' id='word_1_253' title='bbox 713 3880 830 3943; x_wconf 87' lang='lat' dir='ltr'>Vicerie</span> <span class='ocrx_word' id='word_1_254' title='bbox 850 3883 884 3942; x_wconf 91' lang='lat' dir='ltr'>in</span> <span class='ocrx_word' id='word_1_255' title='bbox 908 3882 1026 3943; x_wconf 84' lang='lat' dir='ltr'>ecclesia</span> <span class='ocrx_word' id='word_1_256' title='bbox 1045 3883 1083 3942; x_wconf 92' lang='lat' dir='ltr'>de</span> <span class='ocrx_word' id='word_1_257' title='bbox 1105 3881 1360 3960; x_wconf 82' lang='lat' dir='ltr'>Hardingesthorn</span> 
     </span>
     <span class='ocr_line' id='line_1_35' title="bbox 260 3962 1358 4042; baseline 0.003 -18"><span class='ocrx_word' id='word_1_258' title='bbox 260 3982 317 4042; x_wconf 90' lang='lat' dir='ltr'>que</span> <span class='ocrx_word' id='word_1_259' title='bbox 341 3966 385 4022; x_wconf 84' lang='lat' dir='ltr'>est</span> <span class='ocrx_word' id='word_1_260' title='bbox 408 3962 565 4021; x_wconf 88' lang='lat' dir='ltr'>eorundem</span> <span class='ocrx_word' id='word_1_261' title='bbox 586 3963 756 4041; x_wconf 87' lang='lat' dir='ltr'>auctoritate</span> <span class='ocrx_word' id='word_1_262' title='bbox 783 3963 899 4024; x_wconf 87' lang='lat' dir='ltr'>concilii</span> <span class='ocrx_word' id='word_1_263' title='bbox 926 3963 1059 4024; x_wconf 87' lang='lat' dir='ltr'>ordinata</span> <span class='ocrx_word' id='word_1_264' title='bbox 1082 3964 1215 4024; x_wconf 90' lang='lat' dir='ltr'>consistit</span> <span class='ocrx_word' id='word_1_265' title='bbox 1239 3964 1273 4024; x_wconf 90' lang='lat' dir='ltr'>in</span> <span class='ocrx_word' id='word_1_266' title='bbox 1295 3970 1358 4026; x_wconf 88' lang='lat' dir='ltr'>toto</span> 
     </span>
     <span class='ocr_line' id='line_1_36' title="bbox 260 4043 1358 4124; baseline 0.002 -19"><span class='ocrx_word' id='word_1_267' title='bbox 260 4043 396 4121; x_wconf 83' lang='lat' dir='ltr'>altaragio</span> <span class='ocrx_word' id='word_1_268' title='bbox 408 4047 503 4120; x_wconf 86' lang='lat' dir='ltr'>preter</span> <span class='ocrx_word' id='word_1_269' title='bbox 516 4062 605 4120; x_wconf 84' lang='lat' dir='ltr'>agnos</span> <span class='ocrx_word' id='word_1_270' title='bbox 618 4048 648 4103; x_wconf 91' lang='lat' dir='ltr'>et</span> <span class='ocrx_word' id='word_1_271' title='bbox 661 4045 693 4103; x_wconf 89' lang='lat' dir='ltr'>in</span> <span class='ocrx_word' id='word_1_272' title='bbox 706 4046 719 4104; x_wconf 93' lang='lat' dir='ltr'>i</span> <span class='ocrx_word' id='word_1_273' title='bbox 731 4045 843 4123; x_wconf 83' lang='lat' dir='ltr'>virgata</span> <span class='ocrx_word' id='word_1_274' title='bbox 855 4050 930 4105; x_wconf 84' lang='lat' dir='ltr'>teme</span> <span class='ocrx_word' id='word_1_275' title='bbox 943 4065 1011 4105; x_wconf 91' lang='lat' dir='ltr'>cum</span> <span class='ocrx_word' id='word_1_276' title='bbox 1020 4045 1248 4124; x_wconf 78' lang='lat' dir='ltr'>pertinenciiein</span> <span class='ocrx_word' id='word_1_277' title='bbox 1257 4045 1358 4107; x_wconf 84' lang='lat' dir='ltr'>eedem</span> 
     </span>
     <span class='ocr_line' id='line_1_37' title="bbox 259 4123 1358 4204; baseline 0.003 -18"><span class='ocrx_word' id='word_1_278' title='bbox 259 4125 332 4186; x_wconf 91' lang='lat' dir='ltr'>ville</span> <span class='ocrx_word' id='word_1_279' title='bbox 344 4130 374 4186; x_wconf 91' lang='lat' dir='ltr'>et</span> <span class='ocrx_word' id='word_1_280' title='bbox 386 4125 419 4183; x_wconf 89' lang='lat' dir='ltr'>in</span> <span class='ocrx_word' id='word_1_281' title='bbox 439 4123 587 4201; x_wconf 79' lang='lat' dir='ltr'>sexaginta</span> <span class='ocrx_word' id='word_1_282' title='bbox 605 4127 696 4186; x_wconf 82' lang='lat' dir='ltr'>travia</span> <span class='ocrx_word' id='word_1_283' title='bbox 715 4126 798 4187; x_wconf 85' lang='lat' dir='ltr'>bladi</span> <span class='ocrx_word' id='word_1_284' title='bbox 816 4126 854 4187; x_wconf 91' lang='lat' dir='ltr'>de</span> <span class='ocrx_word' id='word_1_285' title='bbox 874 4127 1006 4204; x_wconf 86' lang='lat' dir='ltr'>quolibet</span> <span class='ocrx_word' id='word_1_286' title='bbox 1024 4126 1112 4186; x_wconf 89' lang='lat' dir='ltr'>bledo</span> <span class='ocrx_word' id='word_1_287' title='bbox 1132 4127 1170 4186; x_wconf 89' lang='lat' dir='ltr'>eb</span> <span class='ocrx_word' id='word_1_288' title='bbox 1185 4127 1249 4204; x_wconf 88' lang='lat' dir='ltr'>ipso</span> <span class='ocrx_word' id='word_1_289' title='bbox 1263 4128 1358 4204; x_wconf 84' lang='lat' dir='ltr'>priore</span> 
     </span>
     <span class='ocr_line' id='line_1_38' title="bbox 259 4205 624 4285; baseline 0.003 -18"><span class='ocrx_word' id='word_1_290' title='bbox 259 4205 452 4285; x_wconf 87' lang='lat' dir='ltr'>percipiendis</span> <span class='ocrx_word' id='word_1_291' title='bbox 464 4206 624 4268; x_wconf 86' lang='lat' dir='ltr'>annuatim.</span> 
     </span>
    </p>
   </div>
   <div class='ocr_carea' id='block_1_11' title="bbox 791 4417 811 4473">
    <p class='ocr_par' dir='ltr' id='par_1_11' title="bbox 791 4417 811 4473">
     <span class='ocr_line' id='line_1_39' title="bbox 791 4417 811 4473; baseline 0 0"><span class='ocrx_word' id='word_1_292' title='bbox 791 4417 811 4473; x_wconf 82' lang='lat'><em>0</em></span> 
     </span>
    </p>
   </div>
   <div class='ocr_carea' id='block_1_12' title="bbox 0 0 1628 5096">
    <p class='ocr_par' dir='ltr' id='par_1_12' title="bbox 0 0 1628 5096">
     <span class='ocr_line' id='line_1_40' title="bbox 0 0 1628 5096; baseline 0 2"><span class='ocrx_word' id='word_1_293' title='bbox 0 0 1628 5096; x_wconf 95' lang='lat' dir='ltr'> </span> 
     </span>
    </p>
   </div>
  </div>
 </body>
</html>
