3246 5096
632 479 790 536 Hunoms
812 483 937 546 wiltis
1303 471 1345 536 39

307 643 500 700 mutuom.
549 629 666 692 Vioaria
678 631 712 691 in
725 631 843 692 ecclesia
863 631 899 691 de
918 630 1055 692 Muleton
1074 650 1131 709 que
1144 637 1189 694 est
1201 634 1305 712 prioris
1318 642 1349 698 et

246 717 408 774 convontus
422 713 452 772 S.
468 712 586 772 Andres
606 712 637 772 N
638 712 831 790 orthampton’
852 712 1002 772 exdudurn
1022 713 1155 774 ordinate
1168 718 1301 778 consistit
1314 719 1348 779 in

245 793 381 854 omnibus
395 793 432 852 ad
446 793 594 852 ecclesiam
606 793 699 872 ipsam
713 793 927 872 pertinentibus
937 798 1033 872 preter
1041 793 1181 854 decimam
1194 799 1348 876 garbarum

246 875 404 934 secundum
417 879 547 934 tenorem
560 879 636 934 osrte
650 875 794 935 dictorum
804 875 1011 936 monachorum
1020 875 1106 936 nobis
1116 877 1247 940 exhibito
1259 899 1348 959 quam

246 955 422 1016 Benedictus
434 956 559 1016 vicarius
572 955 725 1016 institutus
737 955 826 1015 habet
839 956 876 1015 ds
888 955 1004 1016 eisdem.

307 1180 555 1236 αΗΙιοεΒυῃο,
594 1166 712 1228 Vinaria
738 1169 771 1227 in
798 1167 917 1228 ecclesis
943 1166 981 1228 de
1009 1165 1191 1228 Ghildsbure
1218 1188 1275 1247 qus
1303 1176 1349 1232 est

245 1248 498 1327 hospitalariorum
520 1246 671 1310 exdudum
697 1249 830 1309 ordinata
857 1249 989 1310 consistit
1014 1249 1045 1310 in
1070 1252 1133 1309 toto
1157 1249 1293 1329 altsragio
1317 1257 1347 1314 et

246 1329 369 1390 dimidio
387 1329 500 1405 uirgato
517 1333 592 1390 terre
612 1349 679 1390 cum
697 1330 885 1409 pertinenciis
904 1336 934 1390 et
954 1335 1022 1390 cum
1045 1348 1146 1390 manso
1167 1337 1348 1410 competente

245 1411 377 1471 nondum
391 1411 534 1488 assignato
546 1431 553 1470 :
573 1410 715 1470 admissus
735 1416 833 1472 autem
846 1411 989 1472 Ricsrdus
1000 1411 1125 1472 vicarius
1137 1415 1168 1471 st
1182 1412 1346 1491 institutus,

218 1526 220 1535 =
245 1492 305 1633 ptos1³1
306 1491 542 1634 ἓιῗαοάωξὲοὲῖἰ
552 1493 644 1552 nichil
664 1491 740 1568 juris
766 1497 907 1553 accrescet
933 1493 981 1553 vel
1001 1492 1145 1553 decrescet
1165 1496 1295 1571 petronis
1314 1497 1348 1556 in

309 1799 457 1854 ΕεεεΒν,
496 1783 613 1844 Vicetia
633 1784 665 1845 in
685 1783 803 1846 ecclesis
823 1785 860 1845 de
879 1785 992 1863 mseby
1007 1804 1065 1865 que
1084 1791 1128 1848 est
1141 1786 1348 1848 monachorum

247 1865 284 1928 de
296 1865 437 1927 Davsntr'
451 1866 621 1926 auctoritato
635 1867 751 1926 aoncilii
763 1867 896 1928 ordinate
909 1867 1043 1928 consistit
1056 1868 1089 1927 in
1103 1868 1289 1946 porcionibus
1301 1869 1346 1948 iiij

246 1947 331 2008 marc'
347 1947 432 2008 certis
441 1947 487 2008 illi
499 1947 650 2018 decadem
658 1948 776 2008 ecclesia
784 1967 836 2026 per
844 1947 1091 2010 Archidiocouum
1099 1950 1158 2010 loci
1167 1949 1348 2027 assignandis

248 2047 428 2170 cum-mffio
442 2032 629 2170 comppitepttp
634 2050 641 2088 ε
658 2033 691 2170 pt
705 2029 932 2172 ⁸⁰lv⁰l2vi⁰mffi
941 2029 1093 2172 propolis,
1102 2031 1238 2092 monachi
1250 2035 1349 2092 sutem

248 2129 346 2171 omnis
429 2129 516 2170 onera
550 2129 597 2170 er
642 2129 790 2172 sconsue
833 2130 883 2172 sus
929 2130 1006 2171 eun

307 2336 541 2391 werico—'om
568 2320 1349 2402 VicsriaineoolesisdeWelleiordqueestsbbetiset

249 2409 409 2465 conventus
422 2403 459 2463 de
477 2402 590 2481 Sulaby
609 2404 780 2464 auctoritate
800 2403 915 2464 concilii
935 2404 1068 2465 ordiusta
1088 2405 1222 2466 consistit
1240 2406 1273 2466 in
1286 2410 1350 2466 toto
1428 2427 1429 2430 ¹

248 2485 383 2563 altaregio
397 2485 474 2544 dicte
488 2484 605 2544 ecclesie
631 2503 698 2545 cum
722 2485 844 2545 minutis
867 2485 987 2546 decimis
1006 2505 1063 2564 que
1082 2488 1183 2548 vslent
1195 2488 1249 2564 viij
1263 2486 1349 2552 msro’

246 2566 335 2627 salvis
364 2565 451 2626 dictis
474 2565 574 2626 sbbsti
594 2569 624 2626 et
644 2567 803 2627 conventui
822 2567 855 2644 iij
879 2567 965 2627 marc'
985 2568 1091 2630 annuis
1110 2569 1148 2629 de
1170 2568 1288 2630 sedem:
1312 2568 1350 2629 ds

156 2685 175 2710 -.
247 2648 386 2709 oneribus
398 2647 491 2708 nichil
501 2651 545 2708 est
559 2647 733 2708 ordinatum.

310 2873 548 2930 ιιιιεΒυηΝε,
576 2859 692 2920 Vinaria
711 2859 744 2918 in
762 2858 880 2920 eeclesia
894 2858 931 2920 de
943 2858 1096 2922 Lillebnm
1109 2879 1166 2939 qus
1179 2864 1224 2920 est
1236 2859 1350 2921 obbatis

252 2945 282 3002 et
293 2946 454 3003 conventus
467 2939 616 3002 Laircnm
626 2941 796 3002 auctoritate
805 2939 922 3002 concilii
934 2941 1066 3002 ordinata
1079 2942 1212 3002 consistit
1225 2937 1347 3023 [blasti

308 3165 413 3220 west·
435 3163 604 3225 ΗΑῠῠοΝ,
648 3150 942 3214 Vicsriainecolesia
954 3153 992 3213 ds
1004 3153 1090 3213 West
1102 3153 1221 3214 haddon
1234 3171 1291 3232 que
1305 3158 1349 3215 est

249 3233 456 3294 monachorum
470 3230 506 3290 de
520 3230 660 3291 stentr'
680 3233 850 3295 auctoritato
870 3232 986 3294 concilii
1008 3233 1141 3295 ordinato
1163 3235 1297 3296 consistit
1315 3236 1349 3295 in

249 3319 312 3376 toto
332 3312 468 3390 eltsrsgio
489 3331 555 3371 cum
576 3329 677 3374 menso
698 3319 878 3392 competente
898 3319 929 3374 ot
949 3315 1044 3376 solvet
1063 3315 1188 3376 vicarius
1207 3315 1349 3377 sinodalia
1415 3334 1416 3340 ¹

248 3399 372 3456 tantum.
408 3391 549 3455 Monachi
561 3411 630 3453 varo
644 3400 737 3455 cetera
749 3413 837 3457 cnara
850 3395 949 3458 debito
961 3401 992 3457 st
1003 3401 1140 3463 consuete
1152 3397 1346 3459 sustinebunt

311 3621 475 3678 ουετοκ,
501 3607 620 3667 Vicsrie
629 3607 661 3667 in
671 3605 833 3667 ecclesiade
842 3607 961 3668 Doston
971 3627 1028 3685 qne
1041 3611 1086 3668 est
1098 3608 1302 3670 canonicorum
1315 3609 1346 3671 S.

247 3689 270 3752 J
270 3690 353 3751 scobi
366 3690 398 3749 N
397 3689 593 3766 orthampton’
607 3689 777 3749 auctoritate
790 3689 906 3749 concilii
928 3689 1062 3749 ordinsts
1084 3691 1217 3750 consistit
1239 3691 1272 3751 in
1284 3695 1347 3752 toto

251 3771 388 3848 nltsragio
411 3789 478 3830 cum
501 3789 603 3830 manso
626 3775 807 3847 competante
831 3775 861 3831 et
886 3770 988 3830 reddet
1013 3770 1083 3830 inde
1109 3772 1233 3832 sicarius
1258 3790 1348 3832 unam

249 3871 373 3912 mamam
387 3870 514 3910 anuumn
528 3851 673 3912 cononicis
686 3851 848 3912 antedictis.
892 3851 1023 3912 Habebis
1032 3851 1122 3911 eciam
1134 3852 1214 3912 idem
1223 3853 1348 3914 vicarius

249 3938 342 3993 totam
362 3931 500 4010 capellam
520 3932 603 3992 beate
623 3932 785 4010 Margarete
804 3950 871 3992 curn
891 3931 947 3992 elio
967 3951 1068 3992 manso
1080 3931 1229 3993 reddendo
1241 3933 1311 3994 inde
1323 3933 1346 4010 ij

228 4062 230 4068 .
250 4033 358 4074 marces
378 4013 487 4074 eisdem
507 4013 653 4074 canonicis
672 4014 824 4074 annuatim
843 4014 877 4074 in
896 4032 954 4091 qua
973 4014 1105 4074 inveniet
1118 4014 1298 4092 capellanum
1318 4022 1348 4076 et
1456 4043 1459 4050 ·

249 4093 516 4237 mmm*
566 4094 709 4156 canonici
732 4114 801 4157 vero
834 4094 1030 4172 procumbunt
1055 4095 1219 4173 hospicium
1246 4095 1348 4157 Archi·

332 4196 372 4237 m.
