3246 5096
631 553 787 616 uuoorus
813 557 937 614 uuum.
1299 537 1341 609 25

305 720 526 776 uaetwouo.
552 708 669 769 Vioaria
681 710 715 768 in
727 708 846 769 ecelesia
864 708 902 768 da
922 707 1087 768 Harewoud
1099 726 1156 785 que
1176 713 1221 768 eet
1234 710 1343 770 monia·

243 793 317 852 lium
329 792 440 852 ibidem
453 793 494 850 sio
507 793 551 850 est
564 790 704 851 ordinata
746 789 880 851 Vioarius
898 787 1019 849 habebit
1038 791 1156 849 nomine
1169 789 1274 850 viearie
1290 809 1342 850 sue

243 874 355 934 vietum
368 892 454 933 suum
465 871 622 931 honorifioe
633 871 673 931 ad
686 889 815 930 mensam
828 869 963 946 priorisse
976 874 1007 929 et
1024 869 1096 930 duas
1108 889 1217 930 mareas
1230 891 1342 932 annuas

244 955 282 1014 ad
295 955 434 1015 vestitum
447 957 477 1014 et
491 952 654 1013 oblaciones
667 971 733 1012 suas
752 952 785 1011 in
804 951 963 1028 majoribus
982 949 1246 1028 sollempnitatibus
1265 952 1342 1012 siout

244 1036 410 1095 continetur
419 1034 450 1094 in
461 1033 660 1094 consimilibus
669 1032 791 1092 εἰεετίἰε.
823 1031 953 1092 Habebit
966 1032 1058 1092 eriam
1070 1031 1171 1091 fenum
1179 1032 1216 1092 ad
1227 1033 1342 1110 palefri-

245 1116 316 1176 dum
324 1135 410 1176 suum
418 1118 448 1175 et
455 1135 523 1176 oum
529 1114 596 1175 ierit
606 1114 807 1174 inutilitatem
814 1112 918 1173 domus
926 1112 1019 1173 valed
1029 1111 1170 1172 sinodalia
1178 1118 1207 1173 et
1215 1113 1342 1190 capitula

244 1197 428 1274 prebendam
469 1197 547 1256 Item
560 1195 681 1255 habebit
704 1213 838 1254 mansum
861 1199 1072 1271 competentem
1096 1194 1129 1252 in
1151 1194 1280 1272 prioratu
1293 1195 1343 1255 vel

244 1283 326 1338 extra
338 1283 425 1356 prout
439 1279 572 1356 episeopo
585 1277 683 1336 visum
694 1275 782 1336 fuerit
796 1275 849 1336 ubi
861 1294 929 1336 eum
942 1294 1056 1336 amessa
1069 1274 1158 1334 fuerit
1174 1275 1342 1354 paroobieui

244 1359 378 1420 suibene
398 1360 512 1438 possint
535 1358 667 1418 arrodere
692 1357 730 1416 ad
752 1358 857 1436 ipsum.
900 1356 978 1417 Item
1001 1355 1122 1416 habebit
1143 1355 1298 1416 diaeonum
1311 1361 1342 1416 et

244 1441 405 1518 garcionem
426 1440 533 1518 quibus
552 1438 687 1518 priorissa
705 1437 763 1499 loci
781 1443 842 1498 tam
858 1439 891 1497 in
907 1437 1072 1498 neeessariie
1092 1437 1188 1497 vietus
1201 1455 1289 1514 quam
1308 1439 1342 1497 in

244 1521 398 1685 pgipentpiis
410 1521 575 1600 providebit
588 1525 618 1580 et
630 1520 709 1581 valet
721 1519 829 1580 vicaria
849 1514 962 1601 [blank]
986 1518 1086 1580 totalis
1106 1523 1203 1579 autem
1222 1519 1343 1580 eooleeia

305 1773 533 1828 ΡΟΟΙΝΘΤΟΝ.
560 1762 676 1824 Vioaria
709 1763 743 1822 in
776 1761 895 1822 eeclesia
927 1760 964 1820 de
994 1760 1166 1839 Pudington
1206 1780 1263 1838 que
1296 1768 1341 1822 eet

245 1845 447 1905 eanonioorum
459 1844 496 1904 de
509 1843 642 1921 Eyeeeby
655 1843 788 1905 consistit
800 1843 834 1902 in
853 1847 916 1902 toto
929 1842 1066 1919 altaregio
1086 1847 1116 1902 et
1135 1842 1249 1902 duabus
1268 1845 1341 1904 aeris

244 1931 319 1986 terre
331 1945 398 1986 oum
410 1944 511 1986 manso
524 1930 705 2004 oompetente
718 1929 748 1984 et
760 1925 840 1986 valet
853 1923 960 1984 vicarie
979 1923 1149 1983 auctoritate
1162 1923 1279 1984 oonoilii
1298 1925 1340 1984 sio

245 2008 377 2067 ordinata
389 2009 519 2085 quinque
529 2026 643 2088 mareas,
651 2010 681 2066 et
693 2005 825 2085 amplius.
861 2003 971 2065 Totalia
983 2009 1081 2064 autem
1089 2004 1207 2065 aeoleeia
1217 2002 1338 2088 [timp

303 2177 538 2234 STiviNOEON.
566 2167 682 2228 Viearia
713 2169 747 2228 in
779 2166 897 2228 eeclesia
930 2165 967 2226 de
1003 2165 1173 2242 Stiuington
1206 2186 1263 2244 que
1296 2172 1341 2228 est

243 2251 414 2310 monialium
428 2251 464 2309 de
479 2249 646 2310 Harewoud
665 2269 716 2329 per
735 2249 886 2308 dominum
900 2248 1067 2326 episcopum
1086 2249 1128 2307 sie
1141 2247 1273 2308 ordinate
1286 2254 1338 2310 est.

244 2331 378 2392 Vioarius
391 2330 513 2390 habebit
525 2331 643 2391 nomine
657 2327 720 2412 [Fe.
734 2327 787 2412 Sa]
802 2330 908 2390 vicarie
921 2347 972 2389 eue
985 2333 1081 2389 totum
1094 2329 1264 2408 altarsgium
1273 2349 1341 2390 oum

244 2413 380 2473 omnibus
390 2410 618 2472 obveuoionibue
628 2416 658 2472 et
667 2411 786 2472 decimis
796 2411 918 2470 minutis
932 2414 961 2471 et
974 2409 1094 2470 dooimie
1107 2411 1340 2471 molendinorum

241 2499 271 2553 et
284 2513 385 2553 maneo
398 2493 568 2571 proximiori
582 2494 699 2553 eooleeie
713 2498 743 2553 et
757 2493 813 2552 alio
827 2511 926 2552 manso
941 2511 978 2550 ex
991 2492 1081 2552 altera
1092 2497 1175 2570 parte
1188 2492 1236 2552 vie
1252 2493 1341 2570 juxta

240 2593 352 2636 novum
361 2593 495 2634 mansum
505 2575 557 2650 qui
567 2573 813 2658 oedetinpartem
823 2573 1000 2633 monialium
1031 2573 1110 2632 Item
1118 2572 1341 2633 babebituuam

240 2675 335 2718 aeram
347 2656 424 2734 preti
434 2657 522 2732 juxte
535 2655 647 2716 fontem
660 2657 693 2716 in
706 2675 766 2715 uno
778 2655 841 2715 looo
855 2659 884 2714 et
897 2654 969 2715 alibi
985 2653 1137 2714 dimidiam
1157 2673 1213 2732 que
1233 2655 1340 2714 dieitur

241 2735 269 2797 le
282 2737 390 2798 Helm:
411 2737 483 2798 item
503 2755 592 2796 unam
612 2755 706 2796 aarum
718 2742 792 2796 terre
806 2755 863 2814 que
876 2735 984 2795 dieitur
996 2755 1060 2795 aera
1081 2736 1182 2797 Sancti
1201 2736 1340 2796 Nioholai

242 2822 271 2878 st
283 2824 342 2878 tres
355 2818 439 2878 rodae
452 2818 485 2878 in
499 2817 606 2894 eampis
617 2820 705 2895 juxta
717 2819 837 2878 eandem
852 2836 953 2877 aeram.
997 2816 1127 2876 Habebit
1139 2817 1229 2877 eoiam
1240 2836 1340 2876 ornnes

173 2947 176 2956 ε
241 2899 366 2958 deoirnas
378 2900 531 2978 garbarum
545 2898 581 2958 de
595 2899 667 2959 villa
681 2899 717 2959 de
738 2898 886 2960 Pavehem
908 2917 965 2974 que
986 2903 1118 2976 spectent
1137 2898 1176 2958 ad
1191 2897 1339 2958 ecelesiam

241 2979 278 3040 de
293 2979 463 3056 Stiuington
476 2985 506 3040 et
519 2979 613 3040 solvet
623 2985 740 3040 tantum
751 2979 910 3041 modam:
930 2979 1071 3040 moniales
1081 2983 1178 3040 autem
1187 2979 1338 3038 habebunt

240 3065 345 3122 terram
359 3061 477 3122 seuleus
489 3060 633 3121 residuam
652 3080 719 3122 oum
738 3080 815 3121 novo
835 3079 936 3120 manso
956 3065 987 3120 et
1006 3079 1105 3121 omnes
1125 3059 1195 3120 alius
1211 3059 1339 3120 deeimes

240 3143 392 3220 garbarum
405 3147 435 3204 et
449 3142 511 3203 iani
524 3145 555 3202 et
567 3142 730 3220 hospiaium
743 3141 951 3203 Arehidr'eooni
970 3141 1173 3218 procurabunt.

301 3312 469 3368 ΒυΒΗΑΜ.
495 3303 612 3364 Virasia
624 3304 657 3364 in
670 3303 788 3364 ecelesia
797 3304 835 3364 de
847 3303 978 3364 Bruham
987 3299 1207 3385 [Bromeham*]
1221 3321 1279 3394 que
1293 3307 1337 3363 eet

239 3386 441 3446 eanonieorum
455 3385 492 3445 de
505 3385 670 3446 Kaldewell
691 3380 812 3467 [bleak].

680 3489 898 3532 *malam-baad.
