3246 5096
647 541 804 597 succure
826 543 951 596 wunrs.
1304 523 1346 592 37

311 698 560 763 οΗΑυουΜΒε,
600 690 717 751 Vicaria
736 691 769 749 in
789 691 907 750 ecclesia
929 689 1101 768 parrochiali
1120 690 1157 750 de
1177 691 1348 754 Chaunumh

251 794 308 854 que
332 780 376 834 est
392 774 502 852 ¹prioris
526 777 556 832 et
582 777 743 833 conventus
769 771 880 832 ibidem
906 771 1075 831 auctoritate
1101 773 1216 832 concilii
1239 775 1281 833 sic
1304 777 1349 832 est

251 856 391 917 ordinata
438 857 500 931 [uo.
515 851 590 930 no]
632 853 768 914 Vicarina
786 853 908 912 habebit
926 853 1044 912 nomine
1063 852 1169 912 vicarie
1186 854 1307 913 suesibi
1320 859 1350 913 et

252 937 353 997 clerico
367 957 420 997 suo
433 955 520 1013 quem
532 935 685 995 invenient
703 934 862 994 necessaria
878 933 974 993 victus
986 934 1019 991 in
1032 933 1160 1010 prioratu
1173 954 1238 994 cum
1252 935 1351 994 debita

250 1017 403 1078 honestate
423 1022 453 1078 et
472 1017 544 1076 dnae
570 1035 679 1076 marcas
698 1035 751 1092 pro
777 1014 931 1093 stipendiis
957 1033 1024 1073 cum
1044 1033 1143 1074 manso
1170 1021 1351 1094 competente

252 1105 335 1159 extra
353 1103 466 1176 portam
486 1099 636 1176 prioratus
678 1095 810 1156 Habebit
829 1096 920 1156 eciam
939 1095 1096 1154 secundum
1113 1096 1241 1172 legatum
1259 1115 1351 1174 usque

253 1181 291 1239 ad
317 1199 369 1240 sex
396 1180 528 1240 denarios
555 1184 585 1238 et
612 1177 691 1256 quod
716 1177 794 1236 ultra
819 1177 908 1237 luerit
933 1177 991 1254 ipsi
1018 1176 1149 1236 canonici
1172 1183 1201 1237 et
1227 1176 1351 1238 vicarius

253 1261 458 1323 dimidiabunt.
500 1261 578 1320 Item
604 1259 724 1319 habebit
743 1259 776 1317 in
796 1263 920 1335 quatuor
945 1257 1153 1336 principalibus
1180 1259 1262 1318 iestis
1282 1260 1352 1318 anni

254 1342 417 1402 oblaciones
430 1361 496 1404 suas
509 1341 619 1402 scilicet
632 1340 729 1399 Natal'
742 1339 865 1400 Domini
878 1339 911 1416 iij
926 1339 1058 1399 denarios
1071 1339 1120 1399 dia
1129 1339 1240 1400 Pascha
1254 1337 1306 1417 ijd.
1323 1345 1352 1400 et

253 1427 376 1500 utroque
399 1424 521 1484 aliorum
544 1422 686 1482 festorum
709 1421 749 1483 id
775 1425 804 1482 et
830 1425 958 1498 preterea
980 1420 1020 1480 id.
1047 1439 1113 1479 cum
1137 1439 1240 1500 corpus
1264 1421 1353 1480 luerit

253 1523 378 1582 pressus.
420 1505 516 1564 Iidem
541 1521 610 1564 vero
643 1501 775 1562 canonici
806 1501 959 1561 invenient
985 1502 1092 1561 vicario
1115 1501 1289 1579 palefridum
1315 1501 1353 1561 ad

255 1585 603 1661 sinodumadcapitulam
611 1583 824 1643 stadinfirmos
832 1583 995 1643 cumiuerit
1003 1601 1117 1644 necesse
1127 1587 1157 1644 et
1167 1584 1354 1644 sustinebunt

255 1667 353 1728 omnia
366 1685 452 1728 onera
464 1665 544 1726 illius
557 1665 683 1726 ecclesie.

316 1842 497 1904 ρκεετοκ,
537 1827 654 1887 Vicaria
673 1827 707 1886 in
727 1826 845 1886 ecclesia
864 1827 901 1886 de
921 1826 1045 1886 Prestou
1064 1845 1121 1904 que
1141 1829 1185 1886 est
1200 1827 1304 1904 prioris
1325 1831 1354 1886 et

256 1915 417 1972 conventus
430 1907 571 1970 Darentr’
592 1909 762 1969 auctoritate
782 1907 899 1967 concilii
918 1909 959 1967 sic
980 1912 1024 1967 est
1038 1909 1177 1968 ordinata
1219 1908 1354 1968 Vicarius

255 1991 376 2051 habebit
395 1991 513 2050 nomine
533 1991 639 2050 vicarie
659 2007 710 2048 sue
729 1993 825 2049 totum
845 1989 1015 2066 altamgium
1035 1993 1065 2048 et
1078 1989 1204 2049 decimas
1223 1989 1355 2050 valentes

256 2073 354 2148 xxiijs.
376 2090 489 2132 annuos
508 2090 560 2149 per
578 2071 825 2131 Archidiaconum
848 2070 1036 2147 asignanms
1055 2070 1087 2129 in
1107 2075 1184 2130 certo
1203 2071 1268 2131 loco
1288 2090 1355 2130 oum

256 2173 357 2214 manao
385 2157 574 2230 competente.
630 2152 670 2210 Et
703 2150 824 2211 habehit
857 2169 1039 2212 communem
1069 2157 1185 2228 pastura
1212 2157 1355 2230 quantum

256 2235 383 2312 pertinet
416 2235 454 2294 ad
486 2253 575 2294 unam
607 2233 749 2310 virgatam
781 2236 862 2294 terre.
904 2233 966 2292 fEt
992 2233 1128 2292 monachi
1160 2233 1356 2311 procurabunt
1397 2290 1402 2298 .

257 2315 420 2394 hospicium
439 2315 646 2376 Archidiaconi
665 2320 694 2374 et
714 2314 839 2374 vicarius
858 2313 952 2392 soluat
972 2313 1121 2375 sinodalia

321 2443 498 2546 xamen.
537 2476 654 2536 Vinaria
668 2477 701 2536 in
716 2475 889 2553 parrochiali
904 2477 1022 2536 ecclesia
1038 2476 1075 2536 de
1090 2477 1224 2554 Katteby
1240 2482 1356 2554 quaest

258 2559 429 2620 monialium
438 2558 548 2618 ibidem
557 2559 689 2619 ordinata
698 2563 742 2618 est
751 2558 827 2618 sicut
836 2557 943 2619 vicaria
950 2557 986 2618 de
996 2557 1183 2619 Chaucumhe
1192 2578 1225 2618 eo
1233 2565 1355 2636 excepto

258 2641 337 2718 quod
347 2639 396 2700 hic
405 2639 555 2700 sufficiunt
565 2639 672 2700 vicario
683 2658 724 2699 xv
734 2637 820 2700 solidi
830 2658 882 2717 pro
892 2639 1047 2717 stipendiis
1058 2645 1087 2699 et
1096 2645 1224 2718 preterea
1233 2640 1356 2700 habebit

257 2723 381 2782 vicarius
391 2721 584 2783 obvenoiones
597 2727 627 2780 et
640 2721 832 2780 confessiones
845 2721 878 2779 in
891 2721 1090 2799 quadraginta.

318 2896 549 2952 ετΑνΕῃτοΝ,
585 2881 1357 2960 VicariaiuecclesiadeStavertonqueestprioriset

259 2969 420 3025 conventus
433 2963 470 3022 de
483 2961 624 3024 Daventr'
638 2963 770 3023 ordinata
781 2965 814 3022 in
827 2963 907 3024 hunc
927 2964 1053 3024 modum.
1091 2964 1225 3024 Vicarius
1238 2964 1359 3023 habebit

260 3046 378 3130 nomipe
400 3044 507 3104 vicarie
535 3063 587 3104 sue
610 3049 706 3104 totum
727 3044 898 3122 altaragium
920 3045 1002 3104 illius
1024 3045 1142 3105 ecclesie
1169 3065 1234 3105 cum
1257 3065 1357 3104 maneo

260 3130 442 3204 competente
463 3124 603 3184 solvendo
621 3124 762 3184 sinodalia
782 3129 812 3186 et
833 3125 967 3184 monachi
986 3126 1182 3202 procurabunt
1195 3127 1356 3204 hospicium

262 3205 469 3268 Archidiaconi
481 3209 512 3264 et
524 3205 581 3266 alia
594 3224 681 3266 onera
693 3205 793 3266 dehita
805 3211 836 3266 et
849 3211 986 3267 consueta
1000 3207 1195 3268 sustinebunt.

324 3380 527 3436 ῠΑνΕΝΤΒΕ.
553 3364 670 3427 Vicaria
679 3367 712 3427 iu
722 3366 839 3427 ecclesie
854 3367 1025 3446 parrochiali
1039 3368 1075 3429 de
1089 3367 1230 3430 Daveutr'
1242 3387 1299 3446 que
1313 3373 1357 3429 est

260 3449 364 3528 prioris
386 3453 417 3506 et
440 3452 601 3508 conventus
623 3448 733 3508 ibidem
757 3449 926 3509 auctoritate
949 3450 1065 3509 concilii
1086 3451 1119 3509 iu
1139 3451 1219 3510 huuc
1237 3449 1356 3509 modum

262 3531 421 3591 ordinatur.
462 3528 596 3588 Vicarius
604 3529 726 3589 habebit
739 3530 857 3590 nomine
869 3531 975 3590 vicarie
988 3550 1039 3590 sue
1052 3531 1110 3590 sibi
1123 3536 1153 3590 et
1165 3531 1292 3608 garcioni
1303 3551 1357 3591 suo
1427 3565 1430 3574 ·

262 3610 420 3673 necessaria
431 3611 527 3671 victus
539 3611 572 3670 in
585 3611 714 3688 prioratu
727 3630 794 3671 cum
807 3611 906 3672 debita
918 3611 1068 3673 honestato
1081 3617 1111 3673 et
1130 3631 1219 3672 unam
1232 3631 1356 3672 marcam

262 3711 388 3754 annuam
413 3709 465 3769 pro
489 3692 643 3771 stipendiis
666 3697 696 3752 et
719 3693 878 3752 secundum
898 3693 1025 3772 legatum
1047 3713 1133 3754 suum
1152 3712 1244 3775 neque
1263 3693 1301 3752 ad
1324 3694 1355 3770 vj

262 3775 394 3834 decanos
408 3777 438 3832 et
450 3773 530 3850 quod
541 3773 619 3834 ultra
632 3773 720 3833 fuerit
733 3774 790 3852 ipsi
803 3775 938 3834 monachi
958 3778 988 3835 et
1007 3775 1132 3836 vicarius
1152 3773 1356 3834 dimidiabunt

263 3855 394 3916 Habebit
408 3855 499 3916 eciam
513 3873 613 3914 omnes
629 3855 788 3932 peticiones
807 3875 874 3916 suas
892 3860 922 3915 et
941 3856 1073 3916 denarios
1088 3855 1217 3916 missales
1230 3874 1283 3933 pro
1296 3860 1358 3915 tota

261 3935 411 4015 parrochia
443 3935 481 3996 de
513 3935 653 3997 Darentr'
686 3941 781 4014 preter
813 3955 902 4014 qnam
934 3937 967 3995 in
993 3936 1132 3998 Weletou
1158 3955 1225 3997 cum
1258 3955 1358 3997 manso

262 4021 445 4095 competente
464 4021 547 4077 extra
565 4022 678 4095 portam
697 4018 847 4095 prioratus.
890 4018 954 4096 Ipsi
969 4038 1037 4079 vero
1057 4017 1193 4079 monachi
1206 4018 1359 4078 invenient

262 4100 371 4160 vicario
384 4100 463 4159 dicto
485 4099 638 4159 diaconum
661 4103 691 4158 st
714 4099 812 4159 omnia
835 4099 1019 4160 oneraillius
1031 4101 1148 4160 ecclesie
1162 4099 1356 4160 sustinebunt.

264 4181 395 4242 Habebit
407 4184 504 4239 autem
517 4181 640 4240 vicarius
660 4179 840 4257 capellanum
860 4182 970 4241 socium
989 4182 1021 4242 in
1041 4182 1151 4258 capella
1170 4181 1207 4241 de
1220 4180 1359 4240 Weletou

263 4262 401 4322 continue
413 4279 465 4337 per
477 4261 574 4338 ipsum
586 4261 800 4322 ministrantem
813 4262 864 4339 qui
877 4263 995 4339 quidem
1009 4263 1173 4340 capellanus
1190 4262 1312 4322 habebit
1324 4261 1356 4338 iij

265 4361 374 4404 marcas
387 4346 463 4402 certo
476 4342 540 4403 loco
553 4341 738 4420 magnardus
748 4348 778 4403 et
787 4343 946 4423 peticiones
959 4349 989 4408 et
1001 4343 1134 4406 denarios
1148 4356 1216 4406 suos
1229 4343 1357 4424 missales
