3246 5096
387 779 537 922 biber
566 779 826 924 K{tutiores
858 783 914 894 ιι
941 781 1342 947 ιιιιιιιιιιιιιιι

246 967 547 1084 duruerant
607 977 813 1114 tompore
869 971 1102 1114 bicornia
1152 973 1342 1116 ibatis,

246 1159 614 1302 §imolaboris
641 1163 890 1305 (Episcopi,
918 1161 1232 1280 lata-1235.

574 1377 579 1388 ’
702 1403 874 1520 oxo’.

667 1569 843 1654 [Padusa
862 1569 913 1653 1²]-

304 1693 335 1746 s.
351 1692 604 1746 Fatofiswtrtffi
631 1677 1224 1738 Vicariainoonventualiecelesiasanote
1232 1677 1344 1738 Frides

245 1759 335 1819 withe
355 1760 525 1818 auctoritate
539 1759 650 1818 domini
662 1759 801 1836 Episcopi
817 1759 949 1819 ordinata
961 1765 1029 1836 post
1042 1761 1196 1820 concilium
1210 1760 1277 1820 talis
1287 1764 1339 1819 ost.

245 1840 378 1900 Vicarius
391 1840 511 1898 habebit
524 1839 713 1900 sufficientem
728 1839 941 1900 exhibicionem
951 1841 1026 1900 siout
1036 1841 1167 1901 canonici
1176 1841 1272 1918 quoad
1285 1842 1343 1900 vio·

245 1923 336 1982 tualia
344 1921 483 1980 inmensa
491 1921 593 1998 prioris
601 1921 649 1981 vel
657 1921 728 1980 alibi
737 1921 763 1980 si
772 1922 863 1999 magis
872 1921 1031 1998 expedierit
1040 1922 1343 1999 etlooumcompeteu-

245 2007 305 2062 tem
315 2003 353 2062 ad
359 2001 516 2079 jacendum
525 2003 558 2062 ιιι
567 2003 703 2079 prioratu
746 2003 877 2062 Habebit
890 2005 980 2063 eciam
993 2005 1110 2062 nomine
1123 2003 1229 2063 vicarie
1241 2022 1292 2062 sue
1306 2002 1344 2062 ad

245 2085 386 2145 vestitum
406 2085 491 2160 xxiiij
513 2083 621 2142 solidos
641 2102 692 2160 per
718 2103 834 2142 annum.
879 2084 1011 2142 Preterea
1037 2085 1158 2144 habebit
1184 2084 1344 2144 secundum

245 2164 373 2241 legatum
386 2164 424 2224 ad
436 2165 596 2224 valanciam
609 2165 640 2241 vj
656 2164 837 2224 denariorum
848 2168 877 2225 et
890 2166 969 2242 quod
981 2165 1058 2224 ultra
1072 2167 1100 2242 vj
1111 2165 1243 2224 denarios
1256 2164 1344 2224 luerit
1362 2181 1374 2226 t

246 2246 431 2322 interipsum
445 2249 475 2304 et
488 2245 641 2306 canonicos
655 2245 863 2306 dimidiabitur.
899 2247 983 2306 Prior
996 2253 1093 2306 autem
1106 2247 1236 2306 inveniet
1249 2247 1343 2305 eidem

246 2327 352 2386 vicario
362 2327 495 2386 clericum
503 2326 642 2386 idoneum
650 2327 1016 2404 ejusobsequioetecclesie
1024 2327 1185 2387 ministerio
1195 2326 1343 2388 devotum:

245 2412 276 2467 et
299 2407 405 2466 sufficit
427 2408 471 2468 ibi
494 2428 571 2467 unus
594 2408 767 2484 capellanus.
811 2407 908 2468 Stabit
936 2414 1033 2468 autem
1060 2408 1206 2468 ordinacio
1234 2409 1288 2468 heo
1316 2409 1342 2466 si

118 2531 121 2536 ι
246 2488 364 2548 domino
390 2488 534 2566 Episcopo
564 2488 720 2566 placuerit:
755 2489 885 2566 alioquin
912 2489 1075 2550 unitabitur
1110 2495 1197 2566 prout
1237 2489 1343 2549 viderit

244 2570 388 2646 expedire.

727 2647 793 2732 [m.
809 2649 862 2734 1⁸].

449 2757 606 2817 Ordioocio
618 2758 759 2833 pennalis
771 2777 857 2834 super
869 2757 989 2817 ιίιινιιι
1001 2759 1037 2816 de
1053 2757 1140 2818 ann’.

306 2862 345 2923 In
366 2853 501 2923 omnibus
521 2863 647 2922 ecelesiis
666 2883 738 2941 quas
758 2863 859 2924 Abbas
879 2867 909 2923 ιι
927 2863 1068 2926 canonici
1088 2863 1173 2922 Osen'
1189 2867 1292 2924 tenent
1310 2864 1344 2922 in

245 2945 369 3023 propriis
401 2945 502 3004 usibus
535 2945 631 3003 tam
622 2965 655 3004 ιιι
688 2945 933 3005 Archidiaconetu
967 2944 1060 3004 Oxon'
1090 2963 1178 3021 quam
1211 2944 1245 3003 in
1277 2945 1343 3003 aliis

245 3025 538 3086 Archidiaoonatibua
558 3024 689 3084 Lincoln'
706 3026 843 3100 diocesia·
856 3025 909 3084 ubi
928 3025 1034 3086 vicarie
1054 3044 1114 3083 non
1133 3024 1244 3084 fuerint
1263 3026 1343 3102 prius

246 3107 360 3166 ordinat
347 3113 376 3166 te
390 3126 441 3183 per
454 3108 621 3183 episcopum
641 3106 677 3165 de
698 3125 839 3166 consensu
858 3107 995 3182 ipsorum,
1016 3124 1068 3182 per
1088 3104 1239 3164 dominum
1259 3105 1342 3166 Lino’

246 3189 412 3265 episcopum
432 3188 588 3264 Hugonem
608 3188 776 3261 secundnm,
797 3187 967 3247 auctoritate
986 3185 1110 3259 concilii,
1129 3186 1278 3262 provisum
1298 3192 1343 3246 est

245 3269 279 3328 in
304 3269 384 3328 hunc
413 3269 539 3328 modum
584 3267 717 3328 Vinarius
738 3285 790 3344 per
815 3266 962 3328 Abbatem
989 3270 1019 3325 ιι
1046 3230 1231 3327 Codventum
1255 3267 1341 3326 Osen'

245 3349 455 3428 presentandus
468 3355 498 3409 et
510 3349 708 3409 instituendus
722 3349 759 3408 ab
779 3349 913 3426 episcopo
932 3347 1053 3407 habebit
1073 3348 1192 3406 nomine
1204 3354 1342 3426 perpetue

245 3431 351 3492 vicarie
373 3450 424 3492 sue
444 3431 483 3490 cd
503 3431 644 3491 vestitum
665 3449 749 3489 suum
773 3429 845 3488 duas
866 3447 974 3488 marcas
995 3447 1047 3505 per
1068 3447 1195 3489 aunum:
1222 3428 1343 3490 babebit

246 3513 336 3572 eciam
344 3512 503 3572 secundum
513 3512 640 3590 legatum
651 3509 688 3570 ad
698 3510 858 3572 valenciam
872 3529 924 3569 sax
937 3509 1119 3569 denariorum
1132 3512 1162 3569 et
1174 3510 1253 3587 quod
1267 3510 1343 3570 ultra

246 3611 296 3652 sex
311 3594 443 3654 denarios
456 3594 544 3653 fuerit
557 3593 740 3670 interipsum
750 3596 780 3652 at
790 3591 950 3654 canonicos
960 3590 1168 3651 dimidiabitur.
1211 3590 1341 3651 Habebit

246 3675 336 3734 eciam
354 3676 390 3734 de
414 3675 613 3735 oblacionibus
639 3673 678 3733 ad
704 3674 793 3734 altare
816 3672 1054 3751 provenientibus
1075 3691 1168 3732 unum
1192 3671 1341 3732 denarium

245 3756 390 3815 missalem
405 3757 520 3832 quocies
533 3755 719 3815 celebraverit
733 3759 762 3813 ιι
777 3755 912 3814 denarius
931 3753 1096 3831 provenerit
1109 3758 1138 3813 et
1150 3753 1290 3830 quioquid
1305 3772 1342 3813 ex

243 3835 399 3896 devocione
413 3837 544 3896 fidelium
558 3837 584 3896 ei
604 3835 818 3896 racionabiliter
830 3835 918 3895 fuerit
938 3835 1082 3894 collatum.
1126 3834 1203 3893 Item
1215 3834 1336 3894 habebit

244 3917 435 3976 sufficientem
455 3918 669 3977 exhibicionem
688 3918 764 3976 sicut
784 3916 915 3976 canonici
934 3915 1031 3993 quoad
1046 3915 1183 3975 victualia
1196 3915 1228 3974 in
1241 3934 1341 3975 mensa

136 4053 139 4059 .
245 3998 447 4057 canonicorum
461 3999 514 4057 ubi
527 3999 659 4058 canonici
678 4017 787 4057 moram
806 3998 925 4057 faciunt.
970 3997 1111 4058 Canonioi
1124 4015 1192 4056 vero
1206 3997 1341 4055 clericum

243 4078 382 4137 idoneum
395 4079 422 4137 ei
436 4082 465 4138 ot
478 4081 540 4155 ejus
551 4080 688 4156 obsequio
699 4078 838 4139 devotum
850 4083 881 4137 ιι
893 4078 1010 4138 ecclesie
1019 4078 1179 4138 ministerio
1189 4077 1341 4137 invenient

244 4161 296 4236 qui
306 4161 504 4233 juramentum
516 4159 666 4219 fidelitatis
680 4165 709 4218 et
722 4160 888 4219 devocionis
907 4159 965 4236 ipsi
985 4160 1091 4219 vicario
1107 4158 1247 4235 prestabit
1260 4159 1340 4218 salva

243 4241 301 4300 fido
309 4241 452 4301 dictorum
460 4241 680 4314 canonicorum,
692 4242 744 4317 qui
754 4243 844 4300 eciam
853 4241 911 4320 ipsi
919 4241 1025 4301 ιιιιιιο
1036 4241 1169 4300 similiter
1177 4240 1339 4318 garcionem

786 4372 810 4422 A
