3258 5096
642 503 801 560 uucorus
822 500 946 556 uncus
1302 481 1342 548 59

245 659 364 733 Mereor,
382 657 477 718 Adam
490 655 532 717 fil‘
545 653 663 716 Rcdulfi
682 653 799 732 pistoris
816 655 927 726 tenent,
948 654 979 710 et
998 649 1031 709 in
1044 669 1066 710 x
1078 647 1180 710 solidis
1193 650 1345 710 annuatim

245 741 282 802 de
296 741 384 801 dictis
396 739 489 818 priore
498 742 529 798 et
539 741 685 797 conventu
695 733 895 813 percipiendis
938 731 978 792 Et
987 731 1044 809 ipsi
1057 731 1135 809 prior
1144 734 1175 790 et
1184 734 1345 791 conventus

245 821 441 900 procurabunt
454 819 617 897 hospicium
630 814 838 878 Archidiaconi
846 818 877 873 et
886 813 984 873 omnia
993 813 1050 872 alia
1059 831 1146 872 onera
1159 811 1346 872 sustinebunt

246 908 277 963 et
296 901 491 980 providebunt
511 899 618 960 vicario
639 898 676 958 de
695 896 778 956 totto.
833 895 874 955 Et
893 898 939 954 est
957 893 1064 954 vicaria
1082 893 1115 970 iij
1137 911 1296 953 marcarum
1315 896 1347 952 et

246 983 375 1044 dimidie.

306 1157 521 1213 wrussflonpn
547 1138 834 1200 Viceriaineoclesia
844 1135 1058 1214 deWinthorp'
1069 1155 1126 1213 qus
1136 1140 1180 1195 est
1190 1135 1347 1196 eorundem

246 1226 288 1288 sic
308 1230 352 1285 est
372 1225 513 1285 ordinata
555 1222 688 1282 Vicarius
708 1219 830 1280 habebit
849 1237 983 1278 mansum
1002 1222 1169 1294 competens
1185 1223 1215 1276 et
1237 1218 1348 1277 bonum

247 1311 277 1367 et
290 1325 342 1366 sex
356 1306 500 1383 quartaria
513 1303 653 1363 frumenti
665 1301 820 1380 peccabilis
834 1305 864 1360 et
876 1301 932 1360 tria
942 1299 1087 1376 quartaria
1100 1298 1180 1358 ordei
1193 1298 1348 1376 peccabilis

248 1387 407 1448 annuatim
463 1385 574 1444 Panem
608 1384 698 1443 eciam
732 1383 768 1441 de
802 1381 895 1456 altari,
930 1381 1093 1440 oblaciones
1126 1381 1159 1440 in
1192 1380 1349 1457 majoribus

248 1467 511 1545 solempnitatibus,
525 1465 719 1526 obvencioues
731 1464 764 1522 in
778 1463 965 1536 confessione,
981 1461 1141 1522 secuudum
1154 1461 1281 1536 legatum
1295 1479 1349 1538 pro

248 1549 431 1628 sponsalibus
442 1547 495 1624 ju,
509 1565 562 1624 pro
576 1564 692 1623 corpore
705 1545 833 1623 presenti
842 1543 887 1621 jd.
930 1543 1060 1603 Habebit
1072 1547 1169 1602 eutem
1178 1541 1349 1602 vicariusad

249 1631 388 1690 vestitum
402 1647 486 1689 suum
496 1627 648 1688 annuatim
661 1645 751 1686 unam
764 1643 888 1686 maroam
898 1625 934 1684 de
945 1624 1031 1684 dictis
1044 1625 1138 1700 priore
1151 1629 1181 1683 et
1194 1627 1348 1683 conventu

250 1711 290 1772 Et
308 1712 366 1789 ipsi
385 1711 464 1788 prior
484 1714 514 1769 et
534 1711 694 1769 conventus
714 1707 866 1768 inveniant
885 1705 993 1766 vicario
1014 1705 1149 1765 clericum
1161 1705 1299 1764 idoneum
1318 1704 1351 1762 in

250 1793 385 1870 expensis
404 1791 465 1851 suis
489 1789 613 1867 propriis
632 1793 663 1849 et
682 1788 878 1867 procurabunt
904 1787 1069 1864 hospicium
1094 1785 1302 1846 Archidiaooni
1321 1788 1352 1845 et

250 1878 344 1934 cetera
363 1891 450 1932 onera
470 1871 658 1932 sustinebunt
672 1874 702 1930 et
715 1869 913 1948 providebunt
932 1867 969 1928 de
989 1867 1084 1928 tofto:
1104 1873 1134 1928 et
1153 1866 1233 1928 valet
1244 1864 1352 1928 vicaria

251 1953 417 2030 circitervij
432 1953 543 2014 marcis.

315 2128 434 2183 sunm
474 2113 591 2175 Vicerie
603 2113 637 2172 in
650 2112 770 2173 ecclesie
785 2112 822 2172 de
835 2111 922 2189 Burg’
942 2130 1000 2189 que
1019 2115 1064 2172 est
1083 2109 1240 2171 eorundem
1253 2111 1295 2171 sic
1308 2114 1353 2170 est

253 2196 393 2258 ordinata
435 2194 570 2256 Vioariue
582 2194 704 2254 habebit
717 2193 899 2272 capellanum
908 2194 1019 2253 socium
1028 2198 1058 2252 et
1068 2191 1189 2252 habebit
1202 2191 1354 2252 annuatim

253 2277 392 2338 undecim
427 2276 572 2353 quarteria
606 2275 747 2334 frumenti
780 2275 936 2352 peccabilis
962 2278 993 2334 et
1018 2293 1071 2332 sex
1097 2273 1241 2351 quartaria
1274 2273 1355 2333 ordei

253 2357 408 2438 peccabilis
428 2361 458 2417 et
478 2358 549 2417 duas
569 2375 678 2416 marcas
697 2375 749 2433 per
772 2375 883 2416 annum
903 2360 933 2415 et
952 2355 1025 2416 dicti
1044 2355 1122 2432 prior
1141 2359 1171 2415 et
1191 2358 1354 2415 conventus

254 2439 406 2500 invenient
436 2438 571 2498 clericum
597 2437 734 2498 idoneum
761 2437 795 2496 in
821 2437 955 2516 expensis
981 2436 1111 2515 propriis
1167 2435 1208 2496 Et
1233 2435 1354 2496 habebit

255 2519 380 2581 vicarius
397 2520 502 2597 panem
523 2520 560 2579 de
579 2519 671 2594 altari,
686 2519 850 2579 oblaciones
869 2519 902 2590 in
921 2517 1079 2594 majoribus
1091 2517 1354 2596 solempnitatibus,

255 2603 448 2662 obvenciones
468 2601 501 2660 in
521 2601 708 2673 mnfessiona
722 2600 882 2660 secundum
889 2599 1026 2677 legatum,
1039 2617 1092 2676 pro
1105 2599 1289 2677 sponsalibus
1299 2597 1352 2676 jn,

255 2703 308 2762 pro
322 2702 439 2761 corpore
452 2683 580 2760 presenti
596 2681 640 2759 jd.
682 2681 723 2742 Et
741 2681 800 2760 ipsi
819 2681 898 2759 prior
917 2686 947 2741 et
973 2686 1134 2742 conventus
1159 2681 1356 2759 procurabunt

257 2765 419 2843 hospicium
432 2763 639 2824 Archidieooui
652 2768 682 2822 et
695 2763 793 2823 omnia
812 2763 869 2822 alia
888 2781 975 2822 onera
987 2763 1174 2828 sustinebunt
1186 2768 1216 2823 et
1225 2761 1357 2841 provide-

245 2845 333 2917 bunt
344 2846 452 2908 vicario
466 2846 502 2907 de
514 2845 598 2906 tofto.
643 2843 683 2904 Et
700 2845 775 2906 valet
791 2843 896 2904 vicena
908 2844 1019 2904 circiter
1031 2843 1064 2903 ix
1077 2843 1170 2904 marc'.

318 2971 564 3074 savinneium
593 3019 639 3073 ετ
663 3018 897 3075 cocururorr.
947 3004 1065 3064 visana
1096 3005 1129 3065 in
1162 3001 1288 3066 οοοΙεεὶίε
1321 3005 1358 3068 da

261 3085 456 3162 Alvingehem
465 3091 496 3146 et
505 3086 664 3148 Gocrinton
673 3086 702 3146 S.
713 3085 814 3146 Maria
847 3085 1359 3164 Sciendumestquodqusmatricee

260 3167 377 3228 ecolesm
390 3185 442 3226 sue
455 3170 525 3226 aunt
538 3167 570 3225 in
583 3185 643 3226 uuo
657 3171 687 3226 at
700 3165 801 3226 eodem
820 3166 961 3226 cimiterio
980 3167 1152 3244 inira'septa
1164 3169 1307 3246 prioratus
1321 3168 1359 3228 de

259 3248 455 3326 Alvingeham
466 3251 496 3307 et
506 3265 618 3325 semper
632 3252 844 3307 consueverunt
858 3247 996 3308 deserviri
1008 3267 1060 3325 per
1072 3267 1165 3308 unum
1177 3249 1359 3326 capellanum

262 3335 293 3390 et
306 3349 358 3407 per
369 3347 462 3388 unum
473 3329 644 3388 canonicum
656 3328 806 3406 prioratus
862 3327 1017 3389 Provisum
1031 3333 1075 3389 est
1087 3349 1124 3390 ex
1137 3331 1231 3408 gracie
1247 3329 1360 3390 domini

261 3411 389 3490 episcopi
408 3408 488 3487 quod
508 3427 586 3468 unus
604 3410 730 3470 vicarius
750 3409 914 3487 proficiatur
935 3409 1046 3470 ibidem
1073 3415 1104 3470 ct
1129 3410 1235 3472 habeat
1262 3431 1360 3472 curam

261 3493 423 3552 animarum
446 3491 479 3549 in
502 3494 625 3568 utraque
647 3490 796 3568 parrochia
819 3495 850 3552 et
872 3491 990 3552 uomina
1008 3492 1123 3557 sicarie
1148 3493 1289 3571 percipiat
1308 3512 1361 3554 sex

261 3572 407 3650 quartaria
427 3571 568 3632 frumenti
587 3571 743 3650 peccabilis
763 3576 793 3631 et
812 3572 869 3632 tria
888 3573 1033 3650 quartaria
1052 3573 1133 3634 ordei
1152 3574 1307 3652 peccabilis
1331 3578 1361 3634 et

261 3653 368 3715 habeat
377 3672 466 3713 unam
474 3671 599 3714 maroam
608 3653 721 3731 argenti
727 3671 896 3731 perannum
905 3654 942 3714 de
950 3653 1037 3714 dictis
1046 3655 1140 3733 priore
1150 3659 1180 3716 et
1190 3659 1361 3730 conventus,

262 3735 427 3796 oblaciones
439 3735 473 3794 in
485 3734 644 3811 majoribus
656 3734 921 3813 sollempnitatibus
934 3735 1045 3795 scilicet
1057 3735 1107 3797 (lie
1120 3735 1260 3798 Omnium
1274 3737 1362 3798 Sanc-

262 3820 360 3876 torum
372 3813 419 3893 ijd.
429 3815 477 3875 die
490 3814 578 3876 natal'
586 3813 643 3892 vjd.
658 3814 706 3876 die
718 3815 825 3894 pasche
834 3814 902 3894 ran.
914 3817 1017 3877 diebus
1029 3817 1170 3878 festorum
1179 3818 1362 3878 ecclesiarum

263 3895 311 3974 ijd.
321 3915 374 3975 pro
382 3915 498 3974 corpore
508 3898 635 3974 presenti
642 3894 680 3973 jd.
689 3897 852 3975 inutraque
860 3897 995 3976 parochia
1003 3899 1169 3976 quicunque
1177 3899 1363 3960 celebraverit

262 3977 389 4051 missam,
417 3997 469 4056 pro
504 3977 686 4056 sponsalibus
716 3975 754 4056 jd.
782 3979 949 4056 quicunque
976 3979 1162 4041 celebraverit
1184 3981 1218 4040 in
1240 3985 1363 4058 utraque

264 4059 410 4137 parochia,
423 4059 583 4120 secundum
602 4059 730 4138 legatum
743 4079 781 4118 ex
794 4063 916 4138 utraque
928 4061 1071 4139 parochia
1112 4061 1153 4121 Et
1165 4061 1223 4140 ipsi
1235 4062 1314 4140 prior
1333 4066 1363 4122 et

264 4146 426 4201 conventus
439 4141 636 4218 procurabunt
650 4141 813 4218 hospicium
825 4141 1033 4202 Archidiaconi
1046 4146 1076 4202 et
1090 4146 1183 4202 cetera
1203 4162 1290 4204 onera
1302 4149 1364 4202 tarn

264 4221 412 4282 ordinaria
436 4240 524 4299 quam
551 4221 777 4282 extraordinaria
802 4223 835 4282 in
869 4229 1042 4302 perpetuum
1074 4224 1269 4286 sustinebunt.
1324 4223 1365 4284 Et

263 4303 385 4380 insuper
396 4303 550 4364 invenient
562 4303 668 4363 vicario
682 4303 837 4364 diaconum
850 4304 987 4366 idoneum
1000 4305 1032 4365 iu
1046 4306 1180 4384 expensis
1199 4305 1323 4385 propriis
1335 4309 1366 4367 et

266 4403 401 4446 mensum
416 4383 528 4446 bonurn
540 4389 570 4445 et
584 4390 756 4463 competens
799 4385 840 4445 Et
853 4385 931 4446 valet
950 4387 1100 4466 ricariavj
1115 4388 1209 4450 maro’.
