3258 5096
273 507 317 572 80
661 523 766 578 ursus
786 524 964 589 armenus

271 674 305 736 in
327 672 459 734 futurum
481 675 553 732 sunt
570 672 704 749 adepturi
723 673 894 734 auctoritate
913 692 971 751 qua
989 673 1140 754 fungimur
1159 675 1369 740 confirmamus

273 755 341 815 Hiis
354 753 489 814 Testibus
502 752 630 812 Roberto
643 753 844 814 archidiacano
858 754 954 815 Hunt'
961 777 972 832 3
992 757 1135 836 Magistro
1151 757 1312 836 Reginaldo
1333 759 1371 820 de

273 835 374 909 Cestr’,
388 835 501 910 Rogero
525 833 681 912 capellano,
695 833 782 894 Petro
805 836 842 896 de
865 835 960 910 Bath’,
983 837 1085 898 cancn'
1108 837 1209 914 Linc'5
1230 839 1372 916 Magistro

271 916 396 980 Ricardo
406 915 443 974 de
453 913 621 992 Tinghurst,
635 914 723 976 Petro
737 917 774 978 de
787 915 912 992 wilton,
923 917 1035 996 Regero
1046 919 1082 978 de
1093 919 1210 994 Bohun,
1223 919 1372 999 Stephano

272 1000 309 1059 de
336 995 464 1070 Cicestr',
491 1001 521 1056 et
547 995 620 1058 aliis.
682 995 752 1057 Dat'
778 1017 830 1074 per
855 1018 980 1059 manum
1007 1000 1162 1060 Willielmi
1189 1001 1225 1060 de
1253 1001 1372 1062 Tornac’

272 1078 467 1140 archidianoni
501 1077 598 1138 Stovve
630 1077 710 1156 apud
750 1078 916 1140 Meidestan
942 1080 1031 1141 tercio
1057 1081 1174 1142 kalend'
1191 1082 1372 1161 Septembris

272 1159 459 1240 pontificatus
471 1159 565 1220 uestri
577 1173 653 1219 anno
666 1159 721 1236 vj0.

330 1316 559 1440 33³3ssth
615 1377 740 1439 Noverit
766 1380 940 1440 universitas
966 1385 1063 1442 vestre
1096 1400 1150 1442 nos
1184 1381 1221 1441 de
1255 1402 1374 1444 assensu

272 1459 403 1540 Capituli
423 1461 515 1519 nostri
534 1458 616 1520 Linc¹
630 1459 731 1520 divine
750 1461 868 1538 pietatis
886 1461 1000 1522 iutuitu
1019 1464 1192 1523 concessisse
1209 1468 1239 1522 et
1259 1464 1373 1526 dedisse

271 1545 303 1602 et
323 1541 451 1621 presenti
475 1546 552 1600 carta
575 1545 674 1600 nostra
697 1542 878 1602 confirmasse
902 1542 1017 1603 dilectis
1046 1544 1079 1602 in
1110 1543 1227 1604 Christo
1258 1545 1373 1606 filiabus

271 1621 411 1682 Priorisse
424 1627 455 1682 et
467 1622 634 1684 Conventui
644 1622 681 1682 de
692 1621 801 1700 Gering
814 1623 962 1684 ecclesiam
975 1624 1013 1685 de
1025 1624 1150 1684 Tcufeld
1160 1643 1217 1703 que
1227 1625 1264 1684 de
1274 1645 1374 1686 aarum

272 1705 464 1765 advocacione
476 1707 520 1762 est
533 1707 625 1763 totam
639 1703 672 1762 in
686 1723 756 1763 usus
769 1706 900 1781 proprios
913 1705 951 1764 ad
964 1724 995 1764 se
1009 1705 1194 1766 vestiendum
1207 1713 1374 1767 convertan-

271 1785 340 1844 dam
352 1789 383 1844 et
395 1785 610 1862 imperpetuum
623 1784 834 1862 possidendam.
870 1786 957 1846 Salva
971 1791 1110 1864 perpetua
1122 1787 1229 1847 vicaria
1243 1789 1372 1865 quinque

271 1864 752 1943 marcarumvicarioqniineadem
763 1865 1044 1946 ecolesiainprcpria
1054 1887 1175 1946 persona
1185 1867 1370 1930 ministrabit

272 1947 368 2008 Salvis
395 1948 486 2006 eciam
511 1947 545 2007 in
570 1947 707 2007 omnibus
733 1946 780 2008 dc.
836 1947 874 2006 In
901 1949 990 2024 hujus
1023 1949 1113 2026 igitur
1145 1949 1188 2009 rei
1222 1949 1311 2010 robur
1343 1953 1373 2010 et

270 2028 471 2088 testimonium
484 2027 612 2104 sigillum
625 2032 756 2088 nostrum
769 2031 799 2088 et
812 2027 941 2106 sigillum
954 2029 1086 2106 Capituli
1100 2031 1193 2090 nostri
1206 2029 1288 2090 Linc'
1302 2031 1370 2090 huic

270 2110 378 2186 scripto
391 2114 462 2168 sunt
474 2109 614 2187 apposita
656 2109 791 2168 Testibus
811 2115 845 2170 ut
865 2128 952 2187 supra
971 2111 1005 2170 in
1022 2115 1100 2170 carta
1115 2112 1247 2188 proxima
1259 2111 1372 2172 adiecto

270 2187 302 2250 hl
315 2189 456 2267 Magistro
470 2189 505 2250 It
522 2189 558 2249 de
572 2189 694 2251 Grauel’.
738 2190 807 2250 Dat’
828 2209 879 2269 per
898 2210 1018 2251 manum
1031 2191 1187 2252 Willielmi
1201 2193 1238 2253 de
1251 2193 1372 2253 Tornac'

271 2270 368 2331 archd’
380 2271 478 2332 Stove
487 2271 566 2348 apud
577 2269 661 2332 Cent‘
669 2271 728 2334 kal.
739 2270 918 2349 Septembris
929 2272 1115 2351 pontificatus
1125 2275 1219 2334 nostri
1229 2292 1305 2334 anno
1316 2275 1371 2352 vj0.

331 2427 546 2554 difficientis
589 2491 639 2552 Ad
658 2492 857 2554 universitatis
877 2498 971 2555 vestre
991 2495 1130 2555 noticiam
1152 2493 1288 2556 volumus
1311 2513 1373 2572 per·

271 2575 371 2634 venire
391 2592 444 2633 nos
470 2573 508 2634 de
535 2591 653 2636 assensu
672 2573 778 2650 Rogeri
801 2574 903 2635 decani
930 2580 960 2636 et
989 2575 1120 2654 Capituli
1146 2575 1228 2636 Linc’
1255 2574 1373 2636 ecclesie

271 2653 372 2716 divine
392 2655 510 2733 pietatis
522 2655 634 2716 intuitu
647 2655 818 2715 concessisse
832 2656 945 2716 dilectis
958 2655 1028 2716 filiis
1040 2656 1153 2718 Abbati
1168 2662 1198 2717 et
1211 2657 1371 2717 conventui

272 2737 308 2797 de
328 2735 509 2796 Kainesham
529 2755 629 2796 omnes
653 2736 778 2797 decimas
798 2741 827 2797 at
847 2737 922 2797 solas
942 2738 1095 2814 garbarum
1111 2737 1191 2798 bladi
1205 2737 1322 2798 ecclesie
1336 2737 1373 2798 de

271 2818 415 2878 Burefcrd
435 2823 464 2877 et
485 2817 592 2895 capelle
613 2817 650 2876 de
668 2818 809 2878 Fulebroc
836 2837 902 2878 cum
929 2819 1074 2898 mesuagio
1101 2819 1227 2878 matricis
1254 2818 1373 2879 ecclesie

271 2899 351 2978 quod
364 2899 402 2960 ad
414 2917 565 2978 personam
578 2899 705 2977 pertinet
724 2900 756 2958 in
776 2899 907 2978 proprios
919 2917 989 2960 usus
1003 2899 1212 2962 convertendas
1225 2905 1255 2959 et
1267 2900 1371 2978 imper-

271 2986 394 3058 petuum
410 2979 608 3060 possidendas.
711 2999 715 3007 ’

332 3156 540 3212 οηυιΝΑοιο
553 3142 805 3218 cccccccccc.
848 3108 851 3122 λ

331 3223 383 3283 Ad
392 3229 560 3300 perpetuam
570 3243 639 3285 vero
649 3224 786 3284 vicariam
796 3226 858 3285 tota
867 3227 943 3284 terra
956 3224 1074 3284 ecclesie
1084 3228 1114 3284 et
1125 3223 1234 3302 capelle
1244 3223 1372 3302 predicte

271 3309 302 3366 et
315 3305 495 3382 mesuagium
508 3305 546 3366 ad
558 3310 727 3382 perpetuam
743 3305 880 3365 vicariam
899 3306 1047 3383 pertinens
1067 3309 1098 3365 et
1118 3307 1216 3366 omnia
1236 3307 1293 3365 alie
1312 3311 1373 3366 tam

271 3387 309 3446 ad
333 3386 482 3445 matricem
512 3387 659 3447 ecclesiam
688 3405 775 3464 quem
802 3386 841 3446 ad
873 3387 1012 3464 capellam
1039 3387 1218 3464 pertinencia
1244 3389 1373 3465 exceptis

270 3467 409 3563 predictis
428 3466 578 3561 garbarum
599 3467 718 3564 decimis
738 3475 767 3562 et
787 3469 933 3562 maritagio
952 3469 1167 3562 imperpetuum
1180 3469 1371 3546 pertinebunt

270 3547 444 3689 ttttt
455 3548 1373 3708 {titulatlttttsttlttttttmitellis

271 3715 301 3770 st
315 3709 468 3769 diocesano
482 3710 615 3788 episcopo
629 3711 717 3770 fuerit
730 3711 897 3770 institutus.¹
937 3709 1032 3772 Salvis
1044 3711 1078 3770 in
1094 3712 1229 3771 omnibus
1243 3713 1288 3773 dcc.
1333 3713 1373 3771 Et

270 3797 305 3852 ut
317 3792 372 3851 hec
387 3793 531 3851 concessio
545 3796 643 3851 nostra
655 3796 825 3869 perpetuam
842 3793 972 3852 obtineat
988 3793 1154 3852 firmitatem
1168 3813 1231 3853 eam
1245 3795 1373 3870 presenti

270 3873 377 3950 scripto
392 3877 421 3930 et
435 3871 523 3949 sigilli
536 3873 629 3933 nostri
641 3873 826 3950 opposicione
846 3872 984 3932 duximus
1005 3875 1173 3934 confirmari.
1217 3873 1266 3933 Ad
1285 3893 1373 3952 quam

270 3955 361 4014 eciam
382 3953 620 4013 corroborandam
640 3953 809 4030 Capitulum
822 3953 904 4014 Linc'
919 3955 1036 4014 ecclesie
1049 3955 1177 4032 sigillum
1197 3974 1284 4015 suum
1303 3955 1374 4015 fecit

269 4035 405 4112 appendi.
435 4035 503 4096 Hiis
513 4035 656 4108 Testibus,
667 4035 797 4095 Domino
811 4035 916 4095 Joscel'
930 4035 1015 4094 Bath'
1030 4037 1173 4113 Episcopo
1188 4041 1217 4096 et
1231 4037 1372 4110 Clastcn’,

270 4117 384 4193 Rogero
404 4116 513 4176 decano
533 4116 624 4190 Linc'‚
638 4116 774 4178 Johanne
788 4115 892 4190 Oxon’,
914 4117 1042 4177 Roberto
1063 4117 1211 4178 Huntind'
1232 4118 1372 4178 archidia-

271 4200 361 4273 conis,
376 4203 405 4258 et
419 4199 543 4258 testibus
556 4198 622 4258 aliis
635 4217 722 4278 supra
734 4199 767 4256 in
781 4203 858 4258 certa
871 4197 1003 4275 proxime
1017 4199 1183 4276 prenotatis.
1239 4199 1308 4259 Dat'
1322 4218 1373 4275 per

271 4299 391 4338 menum
405 4279 455 4339 W.
473 4280 509 4339 de
522 4277 641 4339 Tornac'
661 4278 856 4339 archidiaconi
877 4279 974 4340 Stovve
994 4279 1073 4356 apud
1093 4279 1258 4340 Meidestan
1277 4279 1372 4358 pridie

271 4359 330 4420 kei
346 4360 525 4439 Septembris
538 4361 725 4438 pontificatus
738 4362 831 4420 nostri
844 4379 922 4420 anno
935 4363 1027 4422 sexto.
