3258 5096
295 513 336 576 46
683 527 787 580 LIBER
809 526 986 590 armanus

293 679 402 758 proprii
425 676 566 737 dominici
588 674 707 736 Radulli
730 673 818 736 Ridal
840 675 873 736 in
896 675 1019 754 Kisaby.
1061 675 1102 736 Et
1125 675 1249 736 macrias
1272 675 1393 735 habebit

293 759 474 839 capellanum
488 758 599 818 socium
611 763 641 817 ct
654 757 749 818 solvat
764 757 967 818 tantummodo
980 757 1132 834 synodalia
1145 762 1174 816 et
1186 757 1245 833 ipsi
1257 758 1394 834 magister

294 847 324 902 at
343 845 504 902 conventus
527 839 724 917 procurabunt
742 837 906 917 hospicium
932 839 1126 900 archidianoni
1146 843 1176 898 at
1195 839 1392 916 providebunt

294 923 400 983 vicario
414 923 451 982 de
463 921 540 981 totto
553 925 584 981 et
596 921 695 980 omnia
713 921 771 980 alia
791 937 878 980 onera
896 921 1084 981 sustinebunt
1101 925 1132 979 ct
1145 924 1190 980 est
1202 924 1273 978 tunc
1287 919 1394 980 vicena

294 1023 316 1062 x
330 1021 497 1064 mmmmm.

353 1178 488 1234 τΗοΒΡ,
514 1162 631 1224 Ἦοιτία
656 1163 690 1222 ἱιι
722 1161 841 1224 ecclesia
866 1161 903 1223 da
935 1161 1034 1240 Thorp
1066 1181 1124 1240 que
1150 1168 1195 1223 eat
1228 1161 1392 1222 earumdam

293 1247 426 1306 manarit
446 1247 479 1305 in
499 1249 561 1304 toto
580 1244 717 1321 altaragio
737 1244 815 1303 etin
830 1243 951 1304 decimis
969 1243 1122 1320 garbarum
1141 1245 1233 1304 totius
1252 1242 1393 1302 dominici

293 1327 415 1386 Roberti
439 1326 573 1386 Basewin
590 1326 624 1385 in
644 1325 745 1384 cadem
770 1323 842 1384 villa
861 1329 957 1402 prater
975 1325 1041 1384 illas
1067 1330 1157 1384 terras
1177 1344 1249 1401 quas
1270 1324 1392 1402 predicti

293 1408 429 1484 magister
448 1413 478 1468 at
497 1411 657 1467 conventus
681 1405 791 1464 habent
817 1405 854 1464 de
880 1405 960 1466 dicto
980 1404 1126 1466 dominico
1152 1411 1282 1483 tempora
1302 1405 1391 1483 hujus

292 1489 498 1566 assignaoiouis
518 1492 549 1547 at
567 1488 600 1547 in
620 1485 739 1547 decimis
764 1485 915 1562 garbarum
936 1487 1058 1546 duarum
1077 1487 1250 1547 bovatarum
1268 1491 1343 1546 terre
1363 1491 1392 1546 at

293 1569 414 1630 dimidia
427 1569 517 1629 Alani
530 1567 632 1645 Kybel
643 1569 677 1627 in
696 1565 797 1626 malem
816 1567 888 1626 villa
901 1568 938 1627 de
957 1567 1063 1646 Thorp.
1106 1567 1147 1628 Et
1159 1569 1284 1628 maanus
1298 1567 1392 1626 solvet

293 1651 496 1711 tantummodo
515 1649 658 1709 sinodalia
677 1653 707 1708 at
725 1649 788 1726 ipse
811 1649 947 1726 magister
965 1653 996 1708 et
1016 1655 1177 1710 conventus
1196 1648 1392 1726 providebunt

293 1732 400 1792 doario
421 1731 458 1792 da
477 1729 554 1790 tofto
574 1734 604 1790 at
623 1729 819 1807 procurabunt
844 1729 1008 1807 hospicium
1030 1729 1225 1790 archidiaconi
1245 1735 1275 1789 at
1294 1729 1392 1788 omnia

294 1813 351 1873 alia
364 1831 450 1873 cnara
462 1811 651 1872 amtinebunt
662 1815 692 1871 et
706 1815 750 1870 ast
762 1811 869 1870 vicum
882 1815 953 1871 tunc
966 1830 988 1872 r
1000 1829 1167 1872 marcarum

355 1985 651 2044 swvuaausrsu.
678 1967 874 2054 [munuca]
894 1971 1392 2033 vianamecclcsudeswinhan-

294 2053 358 2114 stad
378 2073 435 2132 que
455 2057 500 2113 eat
519 2053 622 2130 prioris
642 2057 672 2112 at
692 2058 852 2113 conventus
871 2052 909 2114 da
929 2053 1011 2114 Drax
1032 2055 1165 2114 oonaiatit
1184 2055 1218 2114 in
1237 2054 1392 2113 medietate

293 2137 386 2195 totius
399 2133 516 2194 ecclesia
536 2151 601 2192 cum
622 2133 697 2192 tofto
718 2139 748 2193 at
767 2133 890 2210 predicti
909 2136 988 2212 prior
1005 2140 1034 2194 at
1048 2139 1208 2196 conventus
1221 2155 1254 2194 ac
1268 2136 1392 2195 vicarius

294 2215 489 2294 procurabunt
515 2215 707 2274 communiter
736 2213 899 2293 hospicium
925 2215 1119 2276 archidiaconi
1145 2221 1176 2276 et
1203 2217 1393 2276 communiter

294 2297 409 2358 solvant
431 2295 574 2356 sinodalia
596 2300 626 2356 ct
649 2297 706 2355 alia
730 2315 817 2356 onera
839 2298 1030 2358 communiter
1052 2297 1247 2358 sustinebunt.
1289 2297 1330 2356 Et
1349 2301 1393 2356 cst

295 2379 401 2439 vicaria
414 2397 466 2438 sex
476 2395 633 2438 marcarum
647 2382 677 2436 et
690 2377 819 2436 dimidia.
854 2377 950 2436 Aliter
962 2377 1086 2438 habetur
1098 2379 1175 2438 infra
1187 2379 1220 2438 in
1234 2375 1279 2439 νιο
1292 2377 1392 2438 lolio*

537 2479 1152 2534 *mumuromrmcrcuaprmnccarnauou

356 2627 514 2683 ΟΟΒΕΒΥ.
541 2610 674 2696 [Corbu]
693 2613 810 2676 Vicaria
818 2615 851 2676 in
862 2613 980 2676 ecclesia
990 2613 1027 2673 dc
1036 2612 1393 2693 Corbyquaeatmagistri

295 2700 325 2757 at
339 2699 500 2754 conventus
515 2693 544 2754 S.
560 2693 714 2756 Michaelis
734 2695 879 2757 Stentord'
893 2700 923 2756 et
936 2713 1056 2774 persone
1069 2714 1146 2756 none
1159 2697 1250 2775 partia
1263 2697 1393 2774 ejusdem

295 2776 428 2837 consistit
441 2774 473 2835 in
487 2780 550 2835 toto
563 2775 699 2854 altaragio
709 2796 761 2837 sex
771 2778 897 2854 partium
907 2796 973 2836 oum
982 2775 1058 2836 tofto
1068 2777 1147 2854 quod
1157 2777 1244 2837 estin
1254 2778 1394 2837 cimiterio

294 2877 394 2920 versus
413 2856 588 2935 aquilonem.
628 2857 668 2916 Et
687 2859 811 2918 vimrius
830 2857 989 2918 secundum
1015 2859 1179 2934 porcionem
1199 2877 1282 2918 suam
1301 2859 1394 2919 solvet

294 2938 497 3000 tantummodo
518 2937 669 3015 synodalia
688 2944 718 3000 at
737 2939 866 3016 predicta
886 2939 1025 2998 moniales
1045 2957 1104 2998 una
1118 2958 1185 3000 cum
1203 2939 1394 3018 participibus

294 3022 355 3081 auia
368 3021 401 3081 in
414 3019 514 3079 aadam
529 3019 647 3080 ecclesia
659 3021 855 3098 procurabunt
870 3019 1035 3099 hospicium
1047 3019 1241 3080 archidiaconi
1253 3026 1284 3080 et
1296 3021 1394 3080 omnia

295 3101 352 3161 alia
364 3119 451 3162 onera
463 3101 658 3162 sustinebunt

355 3277 513 3333 OMNlUM
551 3277 606 3332 SS.
645 3278 863 3334 STANFORD!
888 3262 1005 3324 Vinaria
1037 3262 1070 3322 in
1103 3262 1222 3324 ecclesia
1253 3263 1393 3324 Omnium

296 3343 468 3405 Sanctorum
482 3345 558 3404 ultra
573 3353 639 3404 arxl
658 3365 715 3422 qua
734 3350 779 3405 ast
798 3346 964 3406 earumdem
983 3343 1117 3404 consistit
1135 3345 1169 3404 in
1182 3349 1244 3404 toto
1257 3345 1394 3423 altatagio

295 3423 443 3485 reddendo
456 3424 526 3484 inde
539 3427 691 3486 annuatim
705 3426 791 3486 dictis
810 3425 986 3486 monialibus
1001 3444 1090 3485 unam
1102 3444 1227 3486 marcam
1240 3427 1395 3502 argentiol

295 3506 420 3566 narius
433 3507 635 3566 tantummodo
654 3507 749 3568 solvat
768 3507 910 3568 sinodalia
923 3511 953 3566 et
964 3507 1028 3584 ipsa
1047 3506 1186 3567 moniales
1200 3507 1395 3584 procurabunt

295 3585 457 3664 hospicium
478 3587 671 3647 archidiaconi
691 3592 721 3648 et
741 3589 838 3649 omnia
857 3588 914 3648 alia
934 3607 1020 3648 onera
1039 3587 1234 3649 arratinebunt.
1290 3587 1331 3647 Et
1350 3591 1394 3648 eat

295 3668 403 3728 vicum
415 3669 505 3728 trium
517 3687 677 3728 marcarum
690 3674 720 3728 at
733 3669 861 3728 dimidie.

355 3843 387 3898 8.
415 3844 577 3908 ΜΑΒΤΙΝΙ,
603 3843 820 3898 3ΤΑΝΓΟΒΩ.’
844 3828 961 3888 Vicaria
973 3830 1006 3888 in
1019 3829 1137 3891 ecclesia
1155 3829 1185 3891 S.
1201 3831 1324 3890 Martini
1338 3851 1394 3908 qua

295 3915 340 3970 est
353 3910 517 3970 earumdem
531 3909 663 3969 consistit
676 3911 708 3969 iu
722 3913 784 3969 toto
798 3908 934 3988 almmgio
947 3910 1024 3972 dicta
1034 3912 1151 3972 ecclesia
1163 3912 1311 3972 reddendo
1324 3912 1395 3972 inda

243 4057 246 4064 ,
295 3991 447 4052 annuatim
460 3991 546 4050 dictis
559 3990 734 4050 monialibus
748 3990 819 4050 duaa
832 4010 949 4051 marcas.
983 3991 1142 4053 Itatamen
1155 3993 1234 4071 quod
1247 3995 1273 4054 si
1286 3994 1395 4071 capella

295 4073 333 4132 de
346 4072 491 4148 Burghela
503 4073 536 4132 in
549 4071 649 4130 eadam
662 4071 797 4150 parochia
809 4073 866 4133 sita
886 4073 1020 4133 divinum
1033 4074 1159 4134 officium
1172 4074 1277 4134 habere
1291 4075 1395 4135 debeat

297 4154 374 4213 dicte
396 4152 535 4213 moniales
561 4172 635 4212 onus
661 4153 742 4212 illius
766 4153 873 4231 capello
900 4155 1093 4215 sustinebunt.
1135 4155 1270 4216 Viocriua
1296 4162 1394 4216 autam

296 4235 390 4295 solvat
423 4234 624 4293 tantummodo
658 4235 810 4311 synodalia
842 4240 872 4295 ct
912 4235 989 4295 diota
1026 4235 1165 4296 moniales
1199 4237 1395 4314 procurabunt

295 4315 459 4394 hospicium
471 4315 666 4376 archidiaconi
679 4320 709 4375 et
722 4321 815 4376 catera
827 4335 913 4376 onera
926 4317 1024 4377 omnia
1036 4318 1231 4379 sustinebunt.
