3246 5096
658 589 815 649 HUGONIS
836 591 961 648 mnus.
1318 577 1358 641 21

324 755 512 812 suasano.
539 741 656 803 Vicetia
675 743 707 802 in
727 742 845 802 ecclesia
863 742 900 803 ds
914 739 1046 820 aegeum
1066 759 1123 819 qus
1142 743 1187 801 est
1203 743 1361 802 eorundem

263 829 434 887 auctoritate
448 824 563 887 concilii
577 823 709 884 ordinata
722 823 855 883 consistit
868 823 901 883 in
915 828 978 882 toto
991 823 1127 900 altersgio
1137 823 1266 900 exceptis
1280 825 1361 902 agnis

264 907 316 983 qui
343 908 433 986 priori
462 912 492 967 ct
512 905 643 967 canonici
662 903 860 964 remanebunt.
902 903 942 963 Et
962 904 1056 963 solvet
1074 905 1198 963 vicarius
1218 904 1361 965 sinodalia

263 991 380 1049 tentum
393 989 525 1049 canonici
536 1005 605 1049 raro
619 986 717 1046 omnis
730 985 787 1046 elia
799 985 892 1062 ipsine
902 985 1017 1045 ecclesie
1028 1003 1114 1044 onera
1124 985 1319 1046 sustinebunt

326 1159 537 1214 ΜΕιΕΒΒΟΚ.
564 1146 681 1208 Vicaria
699 1147 732 1206 in
751 1145 869 1206 ccclesia
889 1146 926 1206 dc
939 1145 1107 1206 Melabrock
1126 1165 1183 1223 que
1203 1150 1247 1206 est
1259 1146 1362 1223 prioris

265 1234 294 1291 at
304 1237 464 1292 conventus
477 1231 514 1290 de
528 1229 610 1289 Bello
623 1229 700 1288 Laco
715 1227 885 1287 auctoritate
898 1228 1013 1288 concilii
1032 1227 1165 1286 ordinata
1177 1228 1309 1288 consistit
1329 1229 1362 1287 in

264 1315 327 1371 toto
354 1311 490 1388 alteragio
517 1316 611 1388 preter
644 1327 732 1386 agnos
758 1327 825 1368 cum
851 1327 951 1368 maneo
985 1313 1165 1386 competente
1199 1313 1229 1368 et
1261 1309 1362 1370 reddet

264 1392 388 1452 vicarius
412 1391 561 1452 monechis
587 1391 725 1468 predictis
751 1389 785 1448 xl
810 1389 942 1448 dcnmios
972 1393 1002 1450 et
1029 1389 1136 1449 archid'
1159 1390 1361 1450 tantummodo

263 1473 423 1534 dnodelia:
442 1474 521 1551 prior
547 1491 615 1532 vero
642 1471 678 1531 de
704 1470 834 1547 hospicio
860 1469 1056 1530 archidiaconi
1082 1475 1112 1530 at
1135 1471 1271 1532 omnibus
1297 1472 1362 1532 eliis

265 1554 400 1615 oneribus
408 1553 597 1633 respondebit
606 1555 636 1612 ct
645 1551 724 1612 velet
733 1551 840 1612 visam
850 1551 894 1628 iiij
909 1551 994 1612 marc’
1004 1550 1084 1612 total’
1095 1555 1192 1612 eutem
1202 1553 1320 1612 ecclesia
1331 1573 1359 1614 n

323 1723 544 1778 ΑυΝΤΗΙιιΕ
571 1714 687 1774 Vinaria
700 1714 733 1774 in
746 1713 864 1774 ecclesia
877 1712 913 1773 de
923 1712 1064 1774 Aunthill
1077 1732 1134 1791 quc
1147 1717 1192 1774 est
1205 1715 1362 1776 eorundem

264 1795 433 1856 auctoritate
448 1795 564 1854 concilii
577 1795 710 1856 ordinata
723 1799 768 1854 est
781 1795 814 1852 in
826 1794 906 1854 huno
919 1793 1045 1856 modum.
1094 1795 1228 1855 Viosrius
1241 1795 1362 1856 habebit

264 1880 354 1937 totam
383 1875 530 1936 aeclesiam
557 1876 675 1937 nominc
701 1877 807 1936 vicarie
833 1895 884 1934 suo
910 1882 1005 1953 prater
1031 1877 1152 1953 maiores
1179 1882 1209 1937 ct
1234 1879 1363 1938 minutas

264 1957 389 2018 decimae
402 1957 438 2016 dc
452 1957 597 2018 dominico
610 1957 699 2017 salvis
718 1956 787 2017 inde
800 1955 887 2016 dictis
900 1955 1048 2017 monachis
1061 1977 1081 2018 v
1094 1957 1195 2018 solidis
1214 1960 1320 2018 annuis
1333 1963 1363 2018 ot
1483 1989 1489 2003 ·

263 2039 357 2099 solvet
370 2038 494 2099 vicarius
510 2037 650 2099 sinodalia
663 2042 780 2098 tantum
792 2037 927 2098 monachi
946 2057 1014 2098 vero
1035 2039 1132 2098 omnia
1151 2039 1208 2099 alia
1227 2059 1314 2100 onera
1333 2043 1363 2098 et

261 2125 356 2260 astera
368 2123 403 2180 ut
422 2138 509 2198 supra
527 2126 557 2180 ct
576 2120 656 2181 valet
674 2119 781 2180 vicaria
793 2138 814 2179 v
826 2117 919 2180 marc’.
961 2119 1070 2180 Tetelis
1090 2125 1187 2181 autern
1200 2121 1318 2222 ecclesis
1337 2119 1361 2182 C

324 2371 557 2427 OtoPHULLE
584 2361 701 2422 Vinaria
712 2361 745 2421 in
759 2360 876 2422 ecclesia
887 2360 923 2422 dc
933 2345 1140 2441 Olophullque
1149 2368 1193 2422 est
1206 2364 1363 2424 eorundem

265 2443 434 2504 auctoritato
447 2443 564 2502 concilii
578 2444 711 2503 ordinata
724 2447 768 2503 eet
780 2443 814 2502 in
825 2443 905 2504 hunc
926 2443 1052 2504 modurn.
1096 2444 1229 2504 Vicarius
1242 2445 1363 2506 habebit

264 2525 383 2584 nomine
396 2524 502 2584 vicarie
515 2543 566 2583 auc
579 2529 676 2584 totum
686 2525 854 2602 altaregium
864 2529 959 2602 prater
969 2543 1056 2603 agnos
1066 2525 1204 2586 solvendo
1214 2528 1363 2588 monachis

264 2605 401 2684 predictis
415 2623 441 2663 κ·
450 2604 556 2664 solidos
572 2623 692 2666 annuos.
735 2605 865 2665 Habebit
883 2608 974 2666 eciam
994 2625 1127 2666 mansum
1145 2607 1225 2685 quod
1237 2608 1363 2668 vicarius

264 2687 369 2746 habere
378 2686 529 2746 consuevit
537 2686 614 2745 nihil
622 2685 691 2746 indo
699 2686 854 2748 reddendo.
882 2687 1362 2749 Etsolvctvicariuetentummodo

265 2768 406 2828 sinodalia
419 2767 553 2827 monachi
567 2787 634 2828 vero
648 2768 745 2828 omnia
757 2768 814 2828 alis
827 2774 857 2828 st
871 2774 963 2829 cetera
975 2774 1010 2829 nt
1023 2788 1109 2847 supra
1122 2774 1152 2829 st
1165 2770 1244 2832 velet
1256 2769 1363 2830 vicaria

265 2849 309 2926 iiij
324 2851 408 2908 marc'
421 2849 502 2908 total'
516 2848 634 2908 ecclesia
651 2868 680 2909 r.

326 3019 517 3074 SUNEDON.
544 3009 660 3071 Vicaria
673 3010 705 3070 in
719 3010 837 3070 ccclesia
850 3009 887 3070 dc
900 3009 1038 3072 Sunedcn
1048 3013 1106 3089 q'nc
1125 3015 1169 3072 est
1188 3012 1320 3091 priorisse
1334 3017 1364 3072 et

267 3091 437 3150 monialium
450 3091 487 3150 de
501 3091 572 3150 colla
586 3091 615 3152 S.
631 3091 783 3151 Trinitatis
800 3088 922 3174 [blasti

329 3262 579 3316 ΡΟΤΕΘΘΒΑνΕ.
606 3253 723 3312 Vinaria
735 3253 768 3313 in
778 3253 896 3313 ccclesia
909 3252 946 3314 dc
956 3253 1129 3331 Pctcsgrsua
1137 3273 1194 3332 quc
1207 3259 1251 3314 est
1261 3255 1363 3332 prioris

267 3337 298 3394 ct
310 3338 470 3394 conventus
484 3333 520 3394 ds
533 3333 616 3394 Bello
629 3333 706 3394 Loco
719 3335 889 3394 auctoritato
902 3333 1017 3394 concilii
1029 3334 1161 3395 ordinata
1181 3337 1312 3396 consistit
1330 3337 1363 3396 in
1452 3382 1455 3390 ,

267 3415 492 3572 trotofflglmtaregio
519 3415 605 3475 etin
635 3414 755 3475 decimis
787 3415 962 3476 omnimodis
988 3417 1153 3476 tenentium
1179 3416 1305 3478 Abbatis
1330 3418 1364 3476 in

294 3516 311 3556 ο
405 3514 448 3556 re.

327 3666 621 3721 TtLLESWORTHE.
647 3657 763 3718 Vinaria
784 3657 818 3716 in
844 3658 963 3718 ecclesia
988 3659 1025 3718 de
1051 3659 1219 3720 Tillssword
1239 3679 1296 3737 que
1318 3665 1364 3720 cst

268 3739 402 3815 priorisse
415 3743 445 3798 et
457 3744 618 3800 convontus
631 3740 667 3799 de
680 3739 753 3800 celle
766 3737 866 3802 Sancti
880 3739 975 3818 Sgutii
990 3737 1110 3823 [Mardoi

330 3910 463 3966 ΕΠΟΝ.
490 3899 776 3962 Vicarieinecolcsie
785 3901 822 3961 de
829 3901 920 3962 Eiton
932 3920 989 3978 qna
999 3906 1043 3962 est
1052 3902 1155 3980 prioris
1165 3908 1194 3962 at
1204 3908 1364 3964 conventus

268 3981 305 4041 dc
317 3981 436 4042 Merton
449 3978 569 4062 [hianti

750 4061 815 4146 [no.
832 4061 884 4142 ru.

331 4182 526 4237 ΗοοΗτοΝ,
553 4167 668 4229 Vicaria
687 4171 719 4229 in
739 4170 857 4230 ecclesia
877 4171 914 4230 dc
934 4169 1073 4231 Hoohton
1092 4190 1148 4248 que
1168 4177 1213 4232 eat
1239 4172 1365 4232 Abbatis

219 4267 225 4278 ’
269 4253 299 4310 et
318 4254 479 4310 conventus
506 4249 536 4310 S.
557 4249 668 4310 Albani
693 4250 843 4311 exdudum
863 4251 995 4312 ordinate
1021 4253 1152 4313 consistit
1171 4254 1204 4313 in
1230 4255 1365 4315 omnibus

269 4330 498 4391 obvencionibus
507 4331 908 4393 altarisetminutisdeoimie.
934 4333 1365 4395 Etsnetincbitricariusomnis

269 4430 356 4471 onera
368 4415 464 4552 picto}
475 4410 637 4489 hospicium
651 4412 856 4474 Archidiaconi
869 4414 949 4491 quod
960 4415 1031 4475 dicti
1044 4415 1145 4476 Abbae
1159 4421 1189 4476 ct
1204 4423 1364 4477 conventus

269 4511 389 4572 procura
409 4510 471 4552 nn.
