3258 5096
648 477 806 534 nucours
828 479 953 534 wucrs.
1309 465 1352 534 ts

254 624 454 706 percipiendos
467 644 635 704 permonere
647 625 736 702 illius,
752 627 918 706 quicunque
930 645 1052 706 persona
1061 646 1113 708 pro
1123 632 1251 708 tempore
1264 632 1354 694 fuerit

254 709 287 768 in
300 707 408 768 ecdem
451 707 539 770 Salvo
563 703 658 768 eidem
681 709 844 769 Willielmo
867 709 949 768 Duco
972 714 1004 774 et
1026 707 1181 772 heredibus
1205 714 1266 774 suis
1286 715 1354 792 jure

254 794 423 868 potronatus
447 789 578 866 ejusdem
602 790 727 850 ecclesie.
769 789 810 849 Et
829 793 863 848 ut
881 790 936 850 hec
948 795 1047 850 nostra
1059 793 1203 852 concessio
1216 800 1354 874 perpetus

254 871 400 930 firmitatis
426 871 515 930 robur
542 871 682 948 optineat,
711 890 775 930 eam
800 871 929 948 presenti
955 873 1062 950 scripto
1089 877 1120 931 et
1145 875 1234 950 sigilli
1262 877 1354 936 nostri

255 951 1354 1098 cpuacecesueauo

256 1051 397 1185 Linaffiln',
411 1079 498 1175 Petro
522 1113 559 1174 de
581 1053 729 1190 ᾯῖῑῦοτοεῑζῗ,
757 1077 899 1192 Magistro
925 1113 962 1174 R.
983 1077 1021 1174 cle
1047 1053 1231 1192 Tmzchurst
1255 1119 1291 1180 R.
1317 1059 1354 1180 <1⁰0
1397 1127 1401 1138 '

255 1193 380 1270 Bohum‚
394 1195 482 1256 Petro
505 1197 543 1256 de
565 1195 701 1271 Bethon’,
718 1196 866 1274 Stephano
889 1194 927 1255 de
950 1195 1191 1258 Oicestr'etaliis.
1220 1199 1288 1260 Dat’
1302 1219 1354 1278 per

254 1293 375 1336 manum
386 1277 433 1337 W.
445 1277 652 1338 Archidisconi
662 1278 699 1338 ds
713 1277 812 1338 Stowu
824 1276 903 1356 apud
915 1277 1074 1356 Buggeden
1087 1277 1117 1338 N
1120 1277 1166 1339 on'
1179 1279 1355 1343 Novembris

254 1353 446 1420 Pontificatus
458 1359 551 1420 nostri
563 1378 641 1419 enno
654 1359 765 1436 quinto.

317 1533 550 1590 ΗΑΤΙΡΙΟΑΟΙΟ
590 1520 844 1598 appropriasset
882 1521 993 1582 melecta
1030 1521 1065 1580 dc
1098 1521 1246 1584 Scitetrolc
1277 1526 1355 1599 facte

255 1602 401 1662 canocicis
424 1603 459 1662 de
484 1599 578 1663 Wror'.

316 1683 461 1744 Omnibus
488 1681 601 1744 Christi
626 1681 762 1744 fidelibus
786 1681 838 1744 &c
895 1683 940 1745 Ut
968 1701 1002 1743 ea
1033 1701 1090 1760 que
1116 1681 1188 1745 locis
1213 1686 1355 1764 religiosis

252 1763 332 1840 juste
359 1765 463 1825 collata
482 1769 553 1824 sunt
571 1769 712 1842 perpetuo
731 1765 830 1825 valida
855 1765 1015 1825 consistant
1035 1769 1065 1823 et
1084 1765 1184 1826 debita
1209 1766 1355 1846 gaudeant

254 1846 399 1922 firmitate,
433 1865 487 1904 nos
519 1845 725 1906 moionebilem
762 1846 976 1906 concessionem
1013 1849 1112 1906 sancte
1144 1849 1354 1910 recordacionis

256 1927 394 2006 Hugonis
419 1926 628 2004 predecessoris
657 1927 750 1987 nostri
776 1927 891 1987 dilectis
916 1927 986 1986 filiis
1013 1926 1170 1988 Canoniois
1205 1928 1241 1988 de
1267 1929 1354 1990 Thor'

255 2007 292 2067 de
332 2008 450 2068 ecclesia
483 2007 521 2068 de
555 2007 702 2068 Soitebroc
735 2007 811 2068 sicut
844 2009 980 2068 cononice
1012 2007 1089 2067 facts
1121 2012 1166 2068 est
1198 2010 1354 2090 episcopali

255 2089 457 2150 confirmamus
486 2090 665 2165 auctoritate,
700 2089 777 2148 nulli
795 2089 838 2148 in
864 2091 931 2168 jure
964 2107 1017 2149 suo
1049 2089 1180 2150 volentes
1212 2111 1265 2168 per
1297 2091 1353 2153 hoc

254 2171 447 2247 prejudicium
486 2170 606 2249 gravari.
670 2169 765 2230 Salvis
803 2171 837 2232 in
870 2170 1006 2230 omnibus
1039 2171 1249 2249 episcopalibus
1289 2193 1354 2234 con·

255 2251 461 2312 suetudinibus
487 2255 517 2311 et
544 2251 661 2312 ecclesie
688 2250 820 2312 Lincoln'
847 2251 997 2330 dignitate.
1049 2251 1090 2311 Et
1122 2253 1156 2312 in
1189 2251 1279 2331 hujus
1312 2255 1355 2314 rei

256 2332 457 2392 testimonium
476 2333 604 2410 presenti
622 2332 729 2411 scripto
750 2332 878 2410 sigillum
897 2338 1030 2393 nostrum
1049 2335 1243 2410 apposuimus.
1285 2335 1355 2396 Hiis

255 2412 380 2473 testibus
393 2413 521 2474 Roberto
541 2413 742 2474 archidiacono
762 2415 941 2488 Huntedon'‚
963 2413 1104 2491 Magistro
1115 2411 1294 2492 “Regmudo
1317 2417 1355 2477 de

257 2492 358 2568 Oestr’,
372 2494 513 2572 Magistro
527 2495 579 2554 W.
592 2495 629 2554 de
641 2495 740 2570 Well’‚
760 2495 873 2573 Rogero
896 2495 1044 2574 capellano
1067 2496 1194 2555 canonic'
1211 2497 1353 2574 Lincoln',

256 2573 385 2635 Martino
409 2575 446 2635 de
469 2573 630 2650 Peteslrull,
654 2576 797 2654 Magistro
821 2577 857 2639 R.
883 2577 919 2637 de
943 2575 1066 2650 (tresel,
1091 2577 1232 2655 Magistro
1255 2580 1291 2641 R.
1317 2580 1355 2639 de

256 2655 462 2736 Thingehurst,
486 2657 523 2716 R.
550 2657 586 2716 de
610 2657 735 2732 Bohum,
750 2657 838 2718 Petro
860 2656 898 2718 de
921 2657 1071 2732 Wileton',
1086 2657 1135 2718 W.
1159 2659 1195 2718 de
1215 2659 1354 2735 Henton‘‚

256 2736 343 2798 Petro
357 2738 394 2797 de
408 2737 543 2812 Bathon'‚
557 2737 707 2816 Stephano
721 2739 757 2798 de
771 2739 889 2801 Gicestr'
909 2743 940 2800 et
959 2739 1032 2800 aliis.
1074 2739 1144 2800 Dat'
1165 2759 1216 2814 per
1235 2761 1355 2802 menum

255 2816 303 2880 W.
319 2820 356 2879 de
368 2819 509 2879 Thornso'
523 2818 729 2880 Arohidiaconi
742 2821 779 2880 de
792 2819 891 2882 Stowa
910 2820 990 2900 apud
1004 2821 1187 2882 Lincolniam
1200 2827 1283 2884 sexto
1295 2822 1355 2883 kul'

255 2897 277 2958 J
277 2901 389 2960 anumii
403 2899 594 2961 Pontificatus
607 2901 701 2961 nostri
712 2920 790 2962 anno
803 2906 894 2962 sexto.

317 3075 493 3131 ΒεΜιεειο
506 3062 674 3140 pmrionir.
691 3105 698 3122 .
721 3107 729 3124 .
752 3081 973 3140 armenorum
985 3063 1160 3126 clericorum.

315 3143 409 3220 Hugo
436 3143 484 3203 dei
503 3145 595 3222 grstia
620 3143 753 3202 Lincoln’
779 3145 941 3223 Episcopus
961 3143 1075 3204 dilectis
1093 3145 1127 3204 in
1148 3143 1265 3206 Christo
1284 3145 1354 3208 filiis

255 3220 362 3300 Majori
388 3228 418 3283 et
438 3243 589 3284 commune
613 3223 717 3298 Ormn',
740 3223 871 3286 Salutem
895 3230 925 3284 et
947 3224 1187 3286 benedictionem.
1228 3227 1355 3288 Noverit

254 3305 428 3365 universitas
454 3310 552 3365 vestra
577 3305 729 3366 dominum
757 3306 891 3366 abbatem
917 3309 948 3366 et
975 3311 1152 3366 conventum
1177 3307 1353 3386 Eynesham'

254 3403 327 3446 onus
337 3386 370 3445 in
384 3405 415 3445 se
435 3387 592 3464 suscepisse
605 3384 747 3446 reddendi
759 3386 881 3465 singulis
894 3387 979 3446 annis
991 3387 1206 3465 imperpetuum
1225 3389 1355 3467 quinque

254 3485 363 3527 marcas
377 3473 407 3527 et
420 3467 493 3528 duos
511 3468 618 3528 solidos
631 3486 684 3544 pro
703 3468 788 3528 vobis
801 3487 874 3546 quos
886 3487 939 3529 vos
953 3487 990 3528 ex
1002 3470 1167 3547 provisione
1179 3470 1353 3532 venerabilis

253 3549 344 3624 patris
352 3548 445 3610 nostri
454 3549 493 3609 N.
506 3548 554 3609 dei
561 3549 653 3626 gratia
660 3549 813 3610 limorrlan'
820 3549 960 3629 Episcopi
973 3555 1003 3610 et
1011 3551 1168 3628 apostolice
1181 3551 1258 3612 sedis
1265 3552 1354 3629 legati

253 3628 286 3688 in
296 3631 378 3708 pena’
391 3649 444 3709 pro
463 3631 620 3708 suspendio
633 3630 801 3691 clericorum
820 3629 898 3710 apud
912 3628 1007 3692 Oxon’
1019 3651 1223 3710 suspensorum
1235 3633 1355 3694 reddere

253 3711 406 3771 annuatim
419 3711 590 3772 debueratis.
633 3711 666 3772 N
665 3730 698 3772 os
712 3719 810 3772 autem
823 3713 856 3772 id
868 3718 965 3774 ratum
978 3717 1008 3773 et
1020 3719 1135 3792 gratum
1147 3714 1288 3775 habentes
1301 3734 1353 3776 vos

252 3792 290 3851 ab
304 3810 390 3852 onere
403 3791 533 3869 predicto
543 3811 564 3854 v
573 3811 732 3854 morcarum
743 3798 772 3853 et
786 3794 807 3871 ij
823 3794 981 3856 solidorum
990 3813 1043 3874 pro
1053 3795 1138 3856 nobis
1148 3799 1178 3855 et
1189 3797 1354 3856 successori·

252 3871 308 3932 bus
321 3873 427 3933 nostris
440 3874 654 3952 imperpetuum
667 3875 781 3952 quietos
794 3875 958 3937 clamemus.
998 3877 1038 3936 Et
1050 3882 1087 3937 ut
1098 3877 1154 3937 hoc
1164 3877 1240 3938 nulli
1252 3877 1353 3938 veniat

251 3952 286 4013 in
299 3953 423 4015 dubiam
435 3956 564 4033 presenti
576 3955 684 4035 scripto
697 3955 828 4036 sigillam
840 3963 973 4018 nostrum
986 3957 1185 4037 appendimus

312 4129 585 4210 Assenseruoro
603 4119 758 4195 capellada
775 4119 952 4215 Orontem..
989 4200 996 4214 ,
1073 4201 1081 4215 ‚
1160 4201 1189 4216 Η

313 4196 458 4292 Omnibus
464 4197 517 4292 lec.
560 4199 637 4260 Cum
649 4219 684 4260 ea
703 4218 760 4278 que
778 4201 850 4261 locrs
872 4201 1013 4296 religione
1024 4201 1236 4297 raoronabrhter
1249 4201 1353 4264 collata

251 4281 1352 4444 &illleltlfflllltls”tlt-liliolltlcillflttlt
