3258 5096
628 516 783 570 Husonrs
810 515 936 572 winus,
1298 505 1340 569 83

239 665 369 726 Roberto
392 664 593 752 archidiacono
615 664 710 725 Hunt’
720 685 730 741 3
758 663 885 742 Hugone
908 661 945 722 de
971 661 1000 724 S.
1024 663 1176 741 Eduardo,
1200 665 1341 749 Magistro

240 747 403 808 Willielmo
422 746 463 806 fil'
480 746 627 818 Fulconis,
642 745 783 824 Magistro
802 745 870 805 Ads
890 744 927 804 de
947 744 977 806 S.
993 745 1159 821 Edmundo,
1172 749 1285 810 Thoma
1305 753 1342 812 de

239 828 405 902 Fislrerton‚
419 834 449 886 et
467 827 580 905 Rogero
601 827 638 886 de
658 827 785 887 Bristoll'
806 825 970 904 capellanis,
992 826 1133 905 Magistro
1153 829 1284 892 Woltero
1305 833 1342 894 de

239 908 329 970 Well'
349 909 478 968 canonic'
498 908 590 981 Linc',
611 907 752 984 Magistro
772 907 889 981 Theob',
904 912 933 966 et
954 907 1026 968 aliis.
1068 908 1137 968 Dat'
1150 928 1203 988 per
1222 932 1341 976 menum

239 990 289 1052 W.
306 991 343 1050 de
356 991 474 1050 Tomeo'
489 989 684 1049 archidiaconi
698 989 795 1050 Stove
807 989 840 1048 in
860 989 988 1066 capitulo
1001 988 1083 1049 Line'
1106 993 1160 1066 [so.
1177 991 1240 1076 26⁸]
1262 997 1341 1073 apud

239 1070 322 1132 Lino’
336 1069 404 1132 vnto·
420 1070 478 1132 kal.
494 1071 516 1131 J
515 1071 628 1130 ennesii
640 1070 827 1148 pontificatus
840 1070 934 1131 nostri
947 1088 1025 1130 enno
1038 1089 1124 1132 nono.

302 1230 331 1283 ld
346 1229 461 1285 ΜΑΗΟ·
476 1228 659 1285 ΕΘΙΝΙὊΝ·Ι

301 1296 465 1370 Universis,
488 1295 540 1356 bc.
582 1295 707 1356 Noverit
733 1295 907 1357 universitas
932 1299 1029 1356 vestra
1056 1315 1111 1356 noe
1137 1295 1174 1357 de
1200 1317 1342 1361 consensu

241 1378 347 1455 Rogeri
358 1377 459 1438 deceni
469 1381 499 1438 et
513 1376 634 1456 capituli
647 1376 740 1436 nostri
749 1375 831 1437 Linc'
841 1376 943 1437 divine
953 1377 1070 1454 pietatis
1082 1374 1222 1460 [intotis]
1229 1379 1342 1440 dedisse

242 1463 272 1519 et
295 1459 467 1518 concessisse
490 1458 605 1518 dilectis
630 1458 664 1517 in
677 1457 795 1520 Christo
821 1457 937 1518 filiabus
963 1457 1109 1518 abbatisse
1131 1463 1162 1520 et
1185 1464 1343 1522 conventui

167 1589 172 1600 .
242 1539 407 1600 Godestovv’
434 1538 506 1600 dues
535 1558 642 1600 marces
669 1539 702 1598 in
729 1538 848 1598 ecclesie
875 1538 912 1598 de
935 1538 1084 1599 Esindon'·
1099 1558 1156 1616 que
1182 1541 1219 1600 de
1243 1561 1342 1603 eanrm

241 1621 432 1682 advooecione
452 1625 497 1680 est
520 1620 671 1680 annuatim
694 1621 813 1680 nomine
835 1621 969 1697 perpetui
991 1620 1125 1680 beneficii
1143 1623 1342 1699 percipiendas

241 1721 293 1779 per
325 1713 444 1761 manum
477 1700 635 1762 Willielmi
668 1701 705 1760 de
735 1701 859 1763 Oennor’
893 1719 1014 1778 persone
1047 1702 1128 1762 illiue
1161 1704 1278 1764 ecclesie
1312 1711 1342 1765 et

240 1801 436 1844 successorum
456 1801 573 1842 suorum
597 1783 724 1860 quipse
747 1788 876 1858 tempore
901 1781 1012 1842 fuerint
1033 1783 1165 1843 instituti
1184 1786 1215 1844 in
1231 1785 1339 1846 eedem.

241 1863 337 1925 Salvis
359 1865 392 1924 iu
415 1863 560 1936 omnibus,
585 1863 637 1924 dec.
679 1863 719 1924 Et
740 1868 775 1922 ut
798 1863 852 1923 hec
877 1867 976 1923 nostre
1000 1866 1153 1939 concessio,
1179 1865 1230 1925 &c
1274 1867 1342 1926 Hiis

240 1945 375 2005 Testibus
388 1945 501 2022 Rogero
514 1943 622 2004 deceno
641 1947 672 2005 et
691 1945 757 2004 aliis
777 1949 811 2003 ut
831 1963 918 2022 supra
937 1949 1015 2005 certa
1027 1946 1167 2022 proxima
1209 1946 1278 2008 Det'
1291 1967 1343 2026 per

238 2045 358 2086 manum
372 2027 503 2104 ejusdem
517 2025 618 2086 eadem
631 2025 679 2086 die
692 2031 722 2087 st
734 2026 798 2086 loco
812 2026 999 2104 pontificatus
1011 2027 1105 2086 nostri
1117 2046 1195 2088 anno
1204 2029 1258 2089 ix⁰.

301 2187 321 2239 d
336 2186 451 2240 MARG'
465 2184 612 2240 ΜΕΒΙΕῬ
627 2184 838 2240 ΒΟΤΙΝΒΟΝἏ

301 2251 464 2327 Universis,
492 2252 539 2311 isc.
581 2250 707 2311 Noverit
732 2249 906 2311 universitas
932 2254 1028 2310 vestra
1054 2269 1108 2310 nos
1135 2250 1172 2310 de
1201 2269 1342 2311 consensu

240 2331 348 2411 Rogeri
360 2332 463 2392 deceni
482 2337 512 2393 et
525 2331 646 2409 capituli
658 2333 752 2392 nostri
764 2328 846 2391 Line’
860 2330 960 2392 divine
973 2332 1091 2410 pietatis
1103 2332 1215 2392 intuitu
1229 2333 1342 2392 dedisse

244 2419 274 2474 et
294 2415 468 2475 concessisse
495 2413 610 2474 dilectis
638 2414 671 2473 in
698 2413 816 2476 Christe
849 2413 919 2472 filiis
950 2414 1039 2491 priori
1065 2416 1095 2474 et
1121 2415 1280 2475 conventui
1307 2414 1343 2474 de

242 2495 422 2557 Chaucumb'
432 2514 521 2556 unam
535 2513 660 2556 mercem
673 2494 706 2554 in
718 2495 874 2555 medietate
888 2494 1005 2554 ecclesie
1018 2494 1055 2554 de
1065 2495 1215 2555 Botindon
1228 2513 1285 2572 que
1299 2501 1343 2555 est

242 2577 279 2637 de
293 2597 392 2638 eorum
405 2577 597 2638 advocacione
610 2577 762 2636 annuetim
775 2575 893 2636 nomine
906 2576 1038 2654 perpetui
1045 2576 1179 2636 beneficii
1187 2577 1344 2654 percipien-

242 2660 310 2719 dam
330 2679 382 2738 per
404 2677 524 2719 manum
544 2659 651 2736 Rogeri
674 2658 816 2736 capellani
838 2676 959 2735 persone
982 2656 1113 2735 ejusdem
1135 2658 1300 2718 medietatis
1313 2662 1343 2717 et

242 2759 437 2802 successorum
459 2757 577 2800 suorum
599 2740 651 2817 qui
671 2758 724 2816 pro
748 2745 878 2816 tempore
898 2739 1030 2799 instituti
1051 2738 1162 2799 inerint
1180 2740 1213 2798 in
1233 2739 1341 2798 eadem.

242 2821 339 2882 Salvis
352 2823 386 2881 in
400 2821 544 2895 omnibus,
559 2821 606 2881 dcc.
647 2821 689 2880 Et
708 2825 743 2881 ut
762 2820 816 2881 hec
835 2823 935 2880 nostre
949 2820 1103 2896 concessio,
1119 2821 1165 2878 dre.
1207 2819 1343 2880 Testibus

241 2908 376 2981 utsupra
396 2907 473 2962 certa
493 2902 633 2980 proxima.
674 2901 744 2963 Dat'
765 2921 816 2980 per
836 2919 957 2962 manum
977 2901 1109 2978 ejusdem
1128 2901 1228 2961 eadem
1248 2900 1296 2961 die
1313 2905 1343 2961 et

241 2983 305 3044 loco
319 2984 505 3060 pontificatus
518 2984 611 3042 nostri
623 3001 701 3044 anno
714 2984 769 3043 ix⁰.

304 3140 333 3194 ld
348 3139 463 3196 Meso
478 3140 673 3195 ΒΑΗΤΗΟΝΙ
1166 3188 1170 3197 .

302 3207 465 3280 Universis,
490 3207 537 3267 bc.
579 3205 705 3265 Noverit
732 3204 906 3266 universitas
934 3208 1031 3265 vestra
1056 3222 1111 3264 nos
1137 3203 1175 3264 de
1202 3223 1344 3266 consensu

241 3287 349 3364 Rogeri
361 3286 464 3347 deceni
477 3291 507 3346 et
521 3285 642 3365 capituli
654 3286 747 3346 nostri
759 3284 842 3346 Linc'
856 3285 956 3346 divine
974 3285 1092 3362 pietatis
1105 3286 1217 3347 intuitu
1230 3285 1343 3346 dedisse

241 3374 271 3428 et
285 3369 457 3428 concessisse
471 3367 586 3428 dilectis
605 3367 638 3427 in
651 3365 769 3429 Christo
788 3367 904 3427 filiabus
924 3365 1069 3426 abbatisse
1088 3373 1119 3427 et
1138 3367 1297 3428 conventui
1311 3367 1342 3428 S.

241 3449 335 3510 Mario
355 3450 393 3509 de
406 3449 495 3510 Prato
508 3448 721 3526 Norbampton'
742 3447 815 3508 duas
834 3467 944 3509 marces
963 3448 995 3506 in
1015 3447 1134 3508 ecclesie
1153 3449 1190 3508 de
1203 3448 1343 3509 Barthon'

241 3549 298 3608 que
311 3530 349 3592 de
362 3549 461 3591 earnm
480 3531 672 3591 advocacione
692 3533 737 3589 est
756 3530 909 3589 annuatim
927 3528 1046 3588 nomine
1064 3531 1197 3608 perpetui
1211 3529 1344 3590 beneficii

240 3611 440 3691 percipiendas
454 3631 506 3690 per
518 3630 637 3671 menum
651 3609 733 3670 Petri
745 3629 866 3689 persone
879 3611 959 3671 illius
974 3610 1092 3670 ecclesie
1105 3617 1136 3671 et
1148 3629 1343 3671 successorum

240 3711 359 3754 suorum
383 3694 435 3771 qni
459 3713 511 3771 pro
534 3697 664 3770 tempore
690 3692 822 3752 instituti
848 3691 959 3752 fuerint
984 3692 1019 3752 in
1038 3691 1146 3752 eedem.
1191 3692 1286 3753 Salvis
1309 3693 1342 3752 in

241 3774 386 3850 omnibus,
397 3774 449 3836 dre.
491 3774 532 3835 Et
545 3778 580 3833 nt
593 3774 646 3833 hec
660 3777 759 3834 nostra
772 3773 925 3849 concessio,
937 3772 988 3834 dre.
1032 3773 1177 3849 Testibus,
1188 3773 1267 3850 Dat',
1278 3772 1341 3842 dec,

240 3859 276 3915 ut
289 3874 376 3934 supra
389 3861 466 3917 certe
478 3855 575 3916 tercie.

300 4031 575 4086 ΑρρῃορηιΑοιο
600 4017 770 4079 &Metelle
783 4036 848 4078 acm
861 4016 1046 4078 mossetena
1059 4018 1167 4078 υἰοανίο
1180 4017 1313 4092 pedem.

301 4098 455 4160 Universis
475 4101 528 4160 &c
571 4097 697 4160 Noverit
719 4099 893 4160 universitas
916 4103 1013 4160 vestra
1036 4117 1089 4158 uos
1110 4099 1283 4159 concessisse
1312 4101 1342 4158 et

239 4181 367 4257 presenti
390 4185 469 4240 certe
492 4183 592 4240 nostre
612 4181 793 4240 confirmesss
816 4181 854 4240 de
877 4198 1020 4240 consensu
1044 4181 1199 4240 Decsniet
1212 4179 1343 4256 Capituli

239 4261 333 4322 nostri
346 4260 428 4321 Linc'
442 4260 556 4320 dilectis
574 4261 607 4320 in
628 4261 745 4322 Christo
765 4261 880 4320 filiabus
900 4261 1057 4322 Abbatisse
1077 4266 1106 4320 et
1127 4261 1285 4321 conventui
1305 4259 1342 4319 de

241 4341 406 4404 Godestow'
419 4341 605 4402 medietatam
618 4343 735 4403 ecclesie
748 4343 785 4402 de
799 4342 969 4403 Godeshull'
982 4361 1071 4420 quem
1083 4343 1164 4421 prius
1176 4342 1342 4403 habuerunt
1437 4415 1439 4420 ι
