3258 5096
305 455 346 518 66
703 469 807 522 LIBER
827 469 1006 533 rumonus

365 632 521 687 Αιιτοῃο,
548 617 665 678 Vicaria
690 617 723 676 in
749 617 868 678 ecclesia
893 617 931 677 de
957 617 1071 692 Aliord,
1096 637 1153 695 que
1177 623 1221 678 est
1244 618 1347 696 prioris
1373 626 1420 679 et,

273 765 278 774 ,
303 699 506 761 canonicorum
518 697 671 776 bonitalis
686 703 768 758 extra
787 697 928 771 Lincoln',
949 717 1001 777 per
1020 699 1191 776 magistrum
1210 699 1404 777 Reginaldom

303 782 340 842 de
368 781 458 843 (testr'
486 779 637 840 officialem
664 779 775 839 domini
803 780 930 858 episcopi
956 780 1068 840 dudum
1101 781 1143 839 sic
1173 786 1217 840 est
1250 781 1403 842 ordinata:

303 863 448 934 videlicet,
463 861 542 938 quod
565 861 689 920 61666166
712 866 868 938 perpetuus
891 863 923 921 in
943 861 1040 920 eadem
1064 861 1181 922 ecclesia
1195 867 1223 922 61
1237 862 1346 939 6666116
1366 863 1403 922 (16

303 942 451 1022 Riggesby
465 941 640 1001 constitutus
654 941 774 1022 babebit
786 947 876 1002 totam
899 946 1003 1002 terram
1024 943 1140 1002 ecclesie
1161 948 1191 1001 et
1211 943 1319 1020 capelle
1336 961 1403 1002 cum

303 1027 394 1103 pratis
407 1023 520 1100 pascuis
534 1028 563 1083 61
577 1023 701 1099 pasturis
722 1028 751 1082 et
770 1023 907 1083 turbariis
927 1029 957 1082 et
977 1023 1112 1083 omnibus
1131 1023 1196 1082 aliis
1216 1024 1402 1101 pertinenciis

304 1106 364 1166 suis
389 1109 418 1164 61
441 1105 625 1164 libertatibus
646 1113 766 1182 excepta
788 1105 943 1164 medietate
966 1105 1059 1163 mansi
1080 1105 1158 1181 apud
1181 1104 1294 1164 Alford'
1314 1123 1402 1182 quam

304 1186 435 1246 canonici
459 1185 610 1262 hospitalis
635 1190 717 1244 extra
739 1184 872 1244 Lincoln'
885 1185 1036 1245 habebunt
1057 1185 1094 1244 ad
1114 1185 1279 1245 iaciendum
1292 1185 1402 1246 ibidem
1457 1231 1460 1242 .

302 1267 405 1327 horrea
417 1285 469 1326 sua
482 1267 520 1326 ad
532 1266 732 1343 reponendum
745 1265 871 1326 decimas
884 1267 1036 1344 garbarum
1050 1266 1088 1325 ad
1099 1266 1239 1342 prefatam
1252 1266 1400 1326 ecclesiam

303 1353 333 1407 et
353 1347 493 1426 capellam
512 1349 698 1424 pertinentes,
719 1366 777 1425 que
797 1347 995 1407 conceduntur
1014 1348 1056 1406 eis
1082 1348 1193 1424 integre
1212 1347 1245 1406 in
1271 1347 1402 1426 proprios

302 1447 372 1488 usus
400 1429 601 1489 convertendo.
643 1427 774 1488 Habebit
801 1429 891 1488 eciam
917 1429 996 1488 idem
1023 1429 1147 1488 vicarius
1177 1429 1315 1506 altaragia
1341 1433 1401 1488 tam

302 1510 419 1570 ecclesie
452 1528 540 1586 quam
572 1505 702 1585 capelle‚'
718 1509 828 1568 scilicet
855 1509 1017 1569 oblaciones
1045 1513 1204 1585 proventus
1237 1515 1267 1568 et
1301 1529 1401 1570 omnes

301 1591 494 1651 obrenciones
507 1594 601 1666 preter
615 1589 740 1650 decimes
753 1591 905 1668 garbarum
917 1595 951 1650 ut
966 1589 1127 1667 predictum
1138 1594 1190 1663 est,
1202 1594 1231 1650 et
1241 1591 1273 1648 in
1286 1591 1401 1668 propria

300 1689 422 1748 persona
434 1671 520 1731 faciet
532 1671 577 1731 ibi
594 1671 782 1730 residenciam
802 1672 884 1731 etin
904 1671 1006 1731 ordine
1025 1671 1194 1731 sacerdotali
1213 1671 1398 1746 ministrabit,

300 1757 330 1812 et
343 1753 375 1812 in
388 1753 498 1830 capelle
510 1751 665 1830 paralium
678 1752 858 1829 capellanum
871 1752 1017 1826 idoneum,
1040 1753 1091 1829 qui
1111 1771 1221 1812 moram
1240 1753 1283 1812 ibi
1301 1753 1398 1828 faciet,

300 1837 496 1910 competenter
519 1834 605 1893 iaciat
619 1834 784 1907 ministrari,
797 1834 951 1910 omniaque
962 1853 1050 1892 onera
1064 1838 1201 1894 consucta
1214 1839 1244 1893 et
1257 1833 1400 1894 ordinaria

300 1915 474 1976 sustinebit:
495 1915 533 1974 ob
547 1913 627 1992 quod
638 1915 671 1974 in
684 1915 827 1974 auxilium
840 1914 940 1974 decem
953 1914 1060 1974 solidos
1073 1935 1090 1974 6
1104 1915 1225 1992 prefatis
1245 1916 1398 1989 canonicis,

299 1995 409 2056 scilicet
433 1996 471 2056 ed
493 1995 630 2074 pascham
642 2015 663 2057 r
676 1995 793 2069 solidos,
807 2000 838 2056 61
860 1995 898 2056 ad
914 1996 1022 2056 festum
1036 1995 1066 2056 S.
1082 1995 1236 2056 Michaelis
1248 2016 1270 2057 a
1282 1995 1398 2069 solidos,

167 2124 172 2136 .
299 2077 439 2155 percipiet
452 2077 611 2136 annuatim.

362 2251 524 2306 ΚΑΥΤΕΒ·.
540 2233 704 2332 leuuca}
756 2213 874 2298 Vicaria
892 2238 923 2298 in
945 2238 1063 2298 ecclesie
1083 2237 1119 2298 de
1140 2237 1260 2298 Katteb’
1278 2256 1336 2314 que
1355 2242 1399 2298 est

300 2318 471 2379 monialium
484 2318 594 2378 ordinis
608 2319 645 2378 de
666 2319 890 2396 Sempingebam
910 2319 947 2378 dc
966 2321 1052 2378 domo
1067 2319 1157 2393 Siris,
1172 2338 1224 2396 per
1236 2319 1399 2396 predictum

296 2401 470 2478 Magistrum
490 2399 525 2460 R.
548 2399 699 2460 officialem
726 2400 840 2459 dudum
859 2401 901 2460 sic
921 2405 965 2460 est
986 2401 1136 2461 ordinata:
1161 2393 1297 2460 videlicet
1318 2401 1397 2478 quod

297 2481 422 2541 vicarius
435 2481 478 2540 ibi
495 2487 634 2559 perpetuo
654 2481 870 2541 ministraturus
889 2481 1010 2540 habebit
1030 2486 1126 2541 totum
1146 2482 1317 2558 altaragiurn
1330 2500 1397 2540 cum

299 2567 373 2622 terra
386 2561 502 2622 ecclesie
515 2567 545 2622 et
558 2562 675 2623 redditu
688 2568 717 2621 et
731 2562 866 2622 omnibus
886 2561 951 2622 aliis
970 2563 1158 2641 pertinenciis
1171 2567 1201 2622 et
1212 2562 1396 2622 libertatibus

192 2711 195 2720 f
297 2643 330 2702 in
344 2643 434 2720 pratis
452 2644 565 2720 pascuis
585 2648 615 2703 et
635 2642 778 2717 turbariis,
800 2647 830 2702 et
850 2643 1034 2713 medietatem
1055 2644 1092 2703 de
1112 2643 1230 2702 decimis
1243 2643 1396 2718 garbarum

298 2741 365 2784 cum
384 2724 437 2783 tali
457 2725 567 2784 scilicet
586 2728 741 2801 augmento
762 2723 840 2800 quod
867 2724 992 2784 decimas
1015 2725 1166 2802 garbarum
1187 2724 1223 2782 de
1242 2723 1319 2783 velle
1339 2743 1396 2801 que

298 2803 406 2864 dicitur
426 2805 568 2865 Suthdale
587 2825 676 2882 quam
696 2805 832 2865 excolunt
852 2805 1019 2882 parochiani
1039 2805 1155 2864 ecclesie
1175 2803 1303 2882 predicte
1316 2809 1345 2863 et
1359 2804 1395 2864 de

297 2886 422 2962 quadam
433 2886 546 2946 cultura
556 2886 592 2946 de
602 2887 688 2946 ieodo
700 2885 817 2946 Ricardi
826 2886 862 2945 de
877 2885 1035 2947 Sauntford
1047 2887 1079 2946 in
1090 2885 1189 2944 eadam
1198 2883 1275 2944 valle
1285 2885 1396 2961 integre

296 2968 454 3045 percipiet;
467 2967 606 3028 moniales
614 2967 732 3045 quidem
740 2967 868 3044 predicte
877 2968 1062 3027 medietatem
1071 2967 1107 3026 de
1116 2966 1236 3025 decimis
1244 2966 1395 3043 garbarum

296 3052 391 3124 preter
404 3067 492 3125 quarn
505 3049 541 3108 (16
555 3049 634 3109 (11616
645 3049 722 3109 valle
743 3053 772 3108 et
792 3049 905 3109 6611666
917 3049 954 3108 (16
968 3048 1111 3110 Suthdale
1125 3048 1286 3125 percipient
1300 3047 1336 3108 ad
1350 3049 1395 3107 661

295 3134 383 3204 potus
401 3129 619 3192 incrementum.
662 3130 796 3189 Vicerius
816 3148 884 3190 rerc
905 3130 1093 3190 residenciam
1110 3130 1143 3188 in
1156 3129 1256 3188 eadem
1277 3129 1395 3188 ecelesia

295 3209 381 3269 166161
402 3211 482 3270 etin
506 3213 622 3289 propria
648 3230 769 3289 persona
789 3211 821 3270 in
842 3211 936 3272 officio
962 3211 1132 3272 sacerdotali
1159 3210 1343 3284 ministrabit,
1366 3215 1395 3269 et

294 3289 446 3367 synodalia
459 3292 661 3354 tantummodo
674 3293 775 3353 solvet
819 3292 964 3354 Moniales
975 3297 1074 3354 autem
1086 3291 1213 3371 predicte
1228 3293 1327 3352 omnia
1336 3291 1395 3350 ,6116
1516 3332 1518 3334 -

294 3389 381 3432 onera
393 3372 587 3434 sustinebunt

302 3485 304 3490 v
768 3451 832 3536 [ao.
849 3451 922 3536 19⁸}

355 3571 672 3628 wrsraavsaanau
700 3560 816 3621 Vicetia
828 3560 861 3620 io
881 3558 1055 3620 6661661616
1076 3546 1316 3633 Westrcvendil’,
1337 3577 1394 3636 que

294 3643 339 3698 est
352 3639 466 3700 abbatis
480 3645 509 3700 et
529 3646 689 3701 conventus
710 3642 746 3701 de
766 3640 849 3700 Bello
869 3641 970 3712 Portu,
992 3660 1043 3719 per
1061 3639 1213 3700 dominum
1227 3641 1393 3718 episcopum

293 3721 335 3779 sio
355 3724 399 3780 est
419 3721 560 3782 ordinata
601 3721 734 3783 Vicarius
754 3727 910 3800 perpetuus
936 3721 1057 3782 habebit
1077 3722 1196 3782 nomine
1215 3722 1322 3781 vicarie
1341 3740 1393 3780 sue

294 3819 425 3861 6666666
451 3803 539 3862 unius
566 3803 698 3862 66666161
723 3802 835 3863 victum
859 3823 876 3862 a
899 3803 1037 3880 predictis
1065 3803 1218 3878 canonicis,
1247 3806 1277 3862 et
1303 3821 1392 3862 unam

244 3953 249 3962 l
293 3901 416 3942 marcam
431 3899 557 3943 annuam
577 3884 655 3962 apud
674 3883 913 3944 Westravendal'.
957 3885 1020 3962 Ipsi
1039 3889 1138 3944 autem
1150 3883 1282 3944 canonici
1295 3883 1392 3942 omnia

293 3982 380 4022 onera
393 3963 473 4024 illius
487 3965 602 4024 ecclesie
616 3965 760 4046 ordinaria
772 3965 967 4026 sustinebunt

356 4138 599 4195 ιΑΝρΕτοΠ,·
644 4127 683 4186 In
716 4127 1002 4204 augmentacionibus
1036 4127 1122 4186 iactis
1156 4132 1284 4204 tempore
1313 4125 1392 4185 beati

256 4209 259 4215 '
293 4205 414 4265 Roberti
426 4207 579 4268 inventum
593 4213 637 4268 est
650 4209 690 4267 sic
704 4208 844 4286 scriptum
854 4209 933 4284 z-vj
947 4205 1016 4267 non'
1030 4207 1130 4284 Mertij
1145 4221 1223 4268 anno
1236 4207 1298 4283 xvij
1313 4207 1392 4284 apud

293 4285 454 4366 Lidington
480 4289 601 4348 adauxit
628 4289 779 4366 episcopus
812 4289 948 4350 vicariam
980 4289 1126 4348 ecclesiam
1154 4289 1191 4348 de
1224 4287 1389 4366 Langetcit,
