3258 5096
627 497 784 552 flueoms
806 497 929 552 WELLS.
1297 480 1340 545 63

300 662 452 720 Hauon
505 645 592 730 [Huet
604 643 740 742 Heliou}
782 645 899 707 Vicarie
931 647 964 705 in
998 645 1117 706 eeclesia
1150 645 1187 706 de
1217 645 1339 722 Heliou,

238 751 296 811 que
316 735 360 792 est
380 729 544 804 eorundem,
567 729 701 790 consistit
720 747 753 788 111
772 732 836 788 toto
849 727 987 805 alturagio
1000 727 1129 804 exceptis
1143 727 1263 800 decimis
1276 727 1343 788 lano

238 819 268 874 ot
288 831 436 891 agnorum,
450 811 558 888 butyro
578 815 608 869 et
628 828 717 883 caseo,
739 813 770 868 et
789 810 883 886 primo
903 809 1005 886 legato.
1047 809 1088 868 Et
1105 809 1230 869 vicarius
1250 808 1344 870 solvet

239 892 443 956 tantummodo
470 891 631 968 synodalia,
653 896 683 951 et
702 891 761 967 ipsi
786 890 876 950 abbae
903 894 934 949 et
960 894 1121 950 conventus
1148 890 1345 966 procurabunt

238 976 404 1054 hospicium
417 973 625 1034 Anebidiaconi
645 976 675 1032 et
695 971 793 1031 omnia
812 971 870 1030 alia
889 989 977 1030 onera
989 971 1022 1030 in
1035 975 1208 1048 perpetuum
1222 971 1346 1032 sustine-

240 1059 337 1132 bunt3
356 1060 386 1116 et
399 1055 596 1134 providebunt
608 1053 715 1115 vicario
735 1052 773 1112 de
792 1052 876 1114 tofto.
920 1051 961 1112 Et
974 1055 1018 1112 est
1031 1052 1138 1113 vicaria
1151 1071 1345 1113 amurcarum

240 1144 271 1200 at
285 1137 414 1199 dimidie.
1100 1151 1102 1158 ¹

301 1219 430 1280 Pradicti
444 1218 534 1279 abbas
553 1221 584 1278 et
604 1217 765 1277 conventus
785 1213 822 1274 de
842 1213 975 1275 Newbus
994 1213 1145 1292 excipiunt
1162 1215 1195 1274 in
1208 1214 1344 1276 omnibus

240 1301 367 1362 ecclesiis
385 1300 455 1360 uuis
481 1298 607 1359 dammas
639 1297 884 1358 nutu-mentorum
918 1295 1089 1358 animelinm
1115 1314 1242 1372 suorum,
1271 1296 1342 1373 feni,

239 1382 475 1444 molendinorum
488 1385 518 1441 et
531 1379 607 1441 salia

303 1555 533 1612 BROOLESBY.
571 1539 690 1602 Vicaris
719 1539 754 1600 in
783 1501 903 1600 occissis
922 1538 960 1599 de
980 1537 1146 1616 Broclesby,
1175 1539 1259 1617 eujus
1285 1559 1345 1602 una

240 1644 307 1704 pars
327 1628 371 1684 est
391 1621 506 1684 abbatis
524 1625 554 1686 et
575 1625 736 1684 conventus
755 1620 793 1681 de
816 1620 849 1681 N
849 1619 958 1696 ewbus,
979 1621 1069 1682 altera
1088 1639 1155 1700 pars
1180 1621 1295 1682 abbatis
1314 1626 1346 1684 et

127 1790 133 1800 η
241 1709 403 1769 conventus
416 1705 453 1765 de
465 1701 649 1781 Tuppebolm
664 1698 785 1785 [hianti

304 1881 502 1937 gunnata·
539 1864 657 1924 Vicetia
685 1863 718 1923 in
746 1863 865 1924 eeclesia
884 1863 921 1924 de
941 1861 1054 1925 Burred
1079 1883 1137 1942 que
1164 1868 1208 1926 est
1230 1863 1345 1926 abbatis

242 1955 273 2010 et
293 1952 453 2010 conventus
473 1947 511 2006 de
529 1945 712 2024 Tuppebolm
733 1946 867 2006 consistit
886 1945 920 2005 iu
946 1949 1009 2005 toto
1037 1943 1182 2023 eltamgio,
1203 1951 1233 2006 at
1252 1947 1285 2005 in
1305 1965 1346 2008 xx

242 2031 343 2092 solidis
356 2027 509 2089 annuatim
521 2028 558 2086 de
577 2027 665 2087 dictis
684 2025 790 2087 abbate
809 2032 840 2086 et
860 2031 1006 2086 conventu
1019 2026 1220 2104 percipiendis,
1236 2027 1346 2088 scilicet

242 2113 280 2173 ad
293 2113 400 2172 festum
414 2109 444 2171 S.
457 2109 580 2170 Martini
590 2127 610 2168 x
621 2108 731 2183 solidis,
740 2112 770 2168 et
779 2108 817 2167 ad
827 2113 1013 2184 pentecosten
1024 2127 1046 2168 x
1056 2108 1163 2170 solidis.
1215 2109 1346 2170 Habebit

243 2199 340 2254 autem
353 2192 432 2252 idem
452 2190 577 2251 vicarius
597 2189 670 2249 duas
688 2194 785 2266 partas
804 2189 874 2252 tofti
893 2189 1066 2266 pertinentis
1086 2190 1124 2250 cd
1143 2190 1301 2264 ecelesiam,
1315 2196 1346 2251 et

243 2275 306 2354 ipse
332 2273 457 2333 vicarius
483 2271 616 2333 inveniet
642 2270 778 2330 cleiieum
804 2274 834 2330 et
860 2270 985 2348 predicti
1011 2269 1100 2340 abbas
1127 2275 1158 2333 et
1184 2277 1346 2332 conventus

243 2349 1345 2434 procumbuntbospiciumArchidiaconietomniaaiiaonerainperpotuum

244 2436 441 2509 sustinebunt,
456 2438 487 2494 et
506 2435 597 2494 eciam
616 2433 706 2494 libros
726 2437 945 2494 sternumenta
965 2431 1083 2494 ecclesie
1102 2434 1263 2497 invenient.
1305 2433 1367 2508 Et,

242 2523 288 2578 ast
300 2517 406 2579 vicaria
418 2516 508 2576 trium
521 2533 679 2576 mearum
693 2519 722 2574 et
735 2513 864 2574 dimidie.

509 2619 523 2651 ⁵
535 2619 649 2673 Probably,
655 2619 697 2662 but
704 2619 745 2662 not
751 2619 863 2672 widely.
871 2619 1082 2671 amah-aponum

304 2733 491 2851 sustratum
519 2775 650 2861 [Marsa
662 2775 821 2860 Stoiatoa}
853 2779 970 2840 Vicetia
981 2779 1015 2840 in
1028 2777 1147 2839 ccclesia
1159 2777 1197 2840 de
1210 2778 1346 2841 Steinton

243 2881 300 2940 que
314 2867 359 2922 eet
372 2861 529 2922 eorundem
543 2859 677 2920 consistit
689 2861 722 2919 in
731 2864 794 2921 toto
808 2859 946 2938 altaragio
960 2865 1055 2938 preter
1068 2861 1193 2921 decimas
1206 2881 1346 2940 agnorum

244 2948 274 3002 et
297 2943 481 3003 medietatem
505 2942 582 3002 lane.
623 2941 753 3002 Habebit
781 2945 878 3000 autem
905 2942 1029 3002 vicarius
1056 2941 1129 3002 duas
1156 2947 1255 3019 partes
1277 2943 1346 3004 toiti

130 3073 132 3076 .
244 3024 417 3101 peitinentis
444 3024 481 3083 ad
509 3022 666 3096 ecelesiam,
691 3025 721 3082 et
747 3023 880 3083 inveniet
904 3022 1048 3097 clericum,
1073 3027 1102 3082 et
1125 3024 1183 3100 ipsi
1206 3023 1295 3084 abbas
1316 3029 1346 3084 at

244 3109 407 3164 conventus
420 3104 617 3181 procurabunt
629 3103 794 3181 hospicium
807 3103 1022 3178 Aucbidiaconi,
1037 3108 1067 3164 et
1080 3105 1178 3164 omnia
1190 3105 1248 3164 alia
1260 3125 1347 3166 onera

244 3190 306 3246 tam
319 3184 465 3245 ordinaria
477 3203 566 3264 quam
585 3184 811 3244 extraordinaria
830 3185 864 3244 in
883 3189 1055 3262 perpetuum
1069 3185 1265 3246 sustinebunt.
1306 3185 1347 3247 Et

245 3266 336 3328 eciam
355 3265 445 3326 libros
465 3270 495 3326 et
515 3269 684 3325 omamenta
703 3265 821 3326 ecclesie
839 3266 1001 3327 invenient.
1050 3266 1091 3327 Et
1110 3271 1155 3327 est
1174 3267 1281 3328 vicaria
1300 3268 1345 3346 iiij

244 3366 411 3408 marcarum.

307 3547 488 3602 ΒΑΝΒΕΒΥ.
528 3532 645 3595 Vicetia
657 3535 691 3594 in
705 3533 823 3594 ecclesia
835 3533 872 3594 de
886 3534 1031 3614 Randeby
1050 3554 1107 3612 que
1127 3539 1171 3596 eet
1190 3535 1346 3598 eorundem

243 3615 286 3676 sic
313 3620 357 3676 est
380 3614 520 3676 ordinata
562 3614 698 3675 Vicaiius
721 3615 777 3676 erit
799 3614 838 3675 ad
861 3635 991 3677 mensam
1015 3617 1158 3676 dictorum
1177 3617 1292 3678 abbatis
1316 3623 1347 3679 et

244 3700 405 3758 conventus
415 3701 450 3755 ut
460 3695 584 3756 vicarius
593 3696 738 3770 osculatis,
747 3700 777 3756 et
786 3696 909 3758 habebit
918 3697 1082 3758 oblaciones
1091 3699 1124 3757 in
1137 3699 1347 3777 principalibus

126 3773 130 3782 '
243 3777 326 3838 iestis
347 3774 432 3847 anni,
462 3777 572 3837 scilicet
598 3777 646 3838 die
670 3778 763 3838 natali
786 3778 909 3838 Domini
931 3777 1000 3856 iijd„
1026 3779 1074 3839 dio
1093 3781 1199 3856 pesebe
1218 3777 1277 3856 ijd„
1298 3780 1347 3840 die

244 3858 384 3918 Omnium
407 3857 581 3918 Sanctorum
600 3856 646 3932 id„
670 3859 926 3920 diededioacionis
945 3861 1063 3921 ecclesie
1085 3858 1120 3920 id.
1162 3860 1202 3921 Ht
1225 3861 1346 3922 babebit

244 3940 404 3999 secundum
429 3939 566 4016 legatum.
621 3939 752 4001 Habebit
779 3947 886 4002 autem.
904 3959 946 4000 xx
980 3942 1089 4002 solidos
1122 3941 1274 4001 annuatim
1307 3941 1345 4002 ad

243 4022 383 4081 vestitum
397 4039 483 4079 suum
498 4021 534 4080 de
548 4021 634 4081 dietis
648 4021 752 4082 abbate
766 4026 796 4081 et
809 4025 956 4082 conventu
969 4022 1177 4100 percipiendos,
1189 4021 1298 4083 scilicet
1307 4023 1345 4084 ad

243 4101 351 4161 festum
372 4101 402 4161 S.
425 4101 548 4161 Martini
568 4121 590 4160 x
609 4103 725 4176 solidos,
740 4108 770 4162 et
789 4103 827 4162 ad
840 4107 1028 4180 pentecosten
1042 4124 1063 4163 x
1076 4103 1192 4164 solidos
1233 4103 1274 4162 Et
1287 4105 1345 4182 ipsi

244 4182 334 4242 abbas
362 4186 392 4242 et
415 4184 752 4244 conventusinveuient
775 4184 911 4244 clericum
934 4185 1073 4245 idoneum
1095 4184 1153 4262 ipsi
1175 4184 1292 4258 vicario,
1315 4190 1345 4246 et

243 4264 441 4342 procurabunt
473 4264 636 4342 hospicium
668 4265 871 4340 archidiaconi,
908 4270 938 4326 et
971 4267 1069 4326 omnia
1101 4266 1159 4326 alia
1192 4284 1278 4326 onera
1310 4266 1345 4326 in

243 4349 415 4426 perpetuum
428 4345 623 4407 sustinebunt.
