3246 5096
634 497 792 552 flnconls
812 497 937 552 wreus,
1317 486 1338 550 9

300 655 489 712 MERSTON.
515 645 632 707 Vicaria
650 647 684 707 in
705 646 823 707 ecclesia
844 645 880 707 de
899 645 1032 706 Merstcn
1053 666 1110 725 que
1131 651 1175 708 est
1194 647 1339 712 dictorum

238 726 347 788 Prioris
367 731 397 786 et
417 728 589 789 Conventus
609 727 638 789 S.
655 727 853 788 Fratheswide
876 727 1046 787 anctoritate
1069 727 1186 789 concilii
1206 731 1339 793 ordinata

239 809 372 868 consistit
394 809 428 868 in
452 809 588 868 omnibus
611 807 839 869 obvencionibus
859 808 959 869 altaris
982 826 1049 869 cum
1072 810 1195 870 minutis
1219 810 1339 874 decimis

238 890 330 949 totius
342 889 477 967 parochie
490 893 520 948 et
539 889 572 949 in
592 890 712 949 decimis
733 889 816 949 bladi
837 894 867 948 et
888 888 950 948 feni
970 891 1209 966 provenientibus
1229 893 1266 952 de
1279 913 1339 955 una

239 971 351 1046 virgata
364 975 439 1030 terra
451 971 484 1030 in
501 971 602 1030 eadem
619 971 692 1030 villa
713 971 824 1030 scilicet
845 989 933 1047 quam
952 972 1014 1045 [1¹⁷0.
1032 967 1075 1052 3⁵]
1098 971 1239 1032 Osbertns
1259 975 1338 1035 tilius

239 1051 392 1110 Hervvardi
405 1055 493 1112 tenet.
538 1051 669 1112 Habebit
678 1051 769 1112 eciam
781 1051 905 1111 vicarius
919 1050 1020 1111 domos
1030 1055 1060 1111 et
1070 1053 1179 1112 curiam
1188 1054 1339 1130 inquibus

238 1132 404 1209 capellanus
413 1151 528 1193 manere
537 1132 655 1192 solebat
697 1133 737 1192 Et
747 1132 826 1192 valet
835 1132 1075 1192 vicarievmarc'.
1117 1133 1339 1198 Total'eocleeia

237 1214 312 1290 xviij
328 1213 423 1274 merc'.
464 1214 505 1273 Et
526 1213 633 1274 sciend’
653 1232 822 1291 expressum
842 1212 934 1273 fuisse
956 1213 990 1272 in
1013 1211 1197 1274 ordinacione
1217 1216 1339 1278 istarum

237 1294 328 1354 trium
348 1295 518 1354 vicesimum
538 1300 567 1354 et
587 1295 694 1355 vicarie
713 1293 780 1375 (sie)
793 1294 830 1354 de
850 1293 1027 1354 Fischevell
1046 1295 1126 1373 quod
1144 1295 1201 1355 sub
1220 1297 1340 1359 nornine

237 1375 417 1514 fflutm
443 1375 619 1436 deeimarum
645 1395 706 1436 non
732 1376 918 1436 continentur
941 1375 1051 1436 decime
1075 1376 1139 1436 teni
1158 1395 1211 1436 seu
1231 1379 1339 1440 molen·

291 1475 380 1518 orum

297 1627 491 1682 seleucis.
518 1618 635 1679 Vinaria
653 1618 687 1677 in
707 1617 825 1678 ecclesia
845 1617 881 1678 de
895 1616 1031 1696 Sciplach
1051 1638 1109 1697 que
1122 1623 1166 1680 est
1181 1619 1295 1682 abbatis
1309 1627 1338 1683 et

238 1699 408 1760 Conventus
428 1699 465 1760 de
485 1700 660 1760 Messenden
682 1699 851 1760 auctoritato
871 1699 986 1760 concilii
1006 1700 1138 1760 ordinata
1158 1703 1290 1762 consistit
1306 1704 1338 1763 in

236 1785 299 1840 toto
311 1780 448 1858 eltaragio
461 1779 542 1840 illins
561 1780 678 1842 ecclesie
698 1781 777 1859 quod
796 1781 875 1840 velet
895 1799 915 1842 v
934 1780 1019 1840 marc’
1036 1799 1102 1840 cum
1122 1801 1223 1842 manso
1242 1784 1339 1844 unius'

236 1880 299 1922 acre
313 1862 341 1921 ei
354 1863 525 1938 assignando
538 1867 569 1922 et
582 1881 649 1922 cum
661 1880 721 1921 una
734 1880 798 1921 acra
810 1867 884 1920 terre
896 1862 929 1920 in
938 1880 999 1922 nno
1012 1881 1114 1940 campo
1124 1869 1153 1923 et
1166 1863 1223 1924 alia
1235 1864 1268 1924 in
1281 1865 1339 1926 alio

236 1962 355 2020 campo:
370 1943 632 2004 etsolvetvicarius
642 1942 784 2002 sinodalia
794 1947 927 2002 tantum:
941 1942 1014 2002 dicti
1021 1942 1122 2004 Abbas
1131 1949 1160 2007 et
1169 1946 1339 2008 Conventus

235 2023 400 2102 hospicium
407 2023 819 2101 Archidiaconiprocurabunt
841 2023 1339 2101 DecapellaantemdeLethebroch

236 2107 384 2182 provisum
408 2105 554 2182 estquod
576 2105 635 2164 nisi
659 2105 795 2170 dominus
819 2103 1051 2165 deLethebroch
1074 2106 1175 2166 induci
1192 2108 1285 2186 possit
1303 2115 1338 2169 ut

236 2185 368 2246 inveniat
390 2187 549 2246 necessaria
572 2185 719 2264 capellano
742 2185 795 2263 qni
817 2185 928 2246 ibidem
948 2205 999 2263 per
1018 2187 1181 2264 predictum
1196 2189 1338 2250 vicarium

237 2266 355 2327 debebit
364 2267 527 2327 ministrare
537 2269 660 2346 predicti
669 2267 770 2327 Abbes
780 2272 810 2326 et
818 2265 988 2328 Conventus
997 2287 1064 2327 cum
1072 2269 1192 2328 coneilio
1200 2271 1339 2348 Episcopi

236 2347 274 2407 de
287 2367 340 2408 suo
362 2353 479 2408 tautum
502 2350 535 2408 in
558 2353 747 2428 angmentum
758 2348 864 2408 vicarie
876 2349 1005 2426 predicte
1024 2355 1172 2427 apponent
1187 2346 1247 2432 [ut]
1260 2370 1338 2412 unus

236 2429 401 2508 capellanus
434 2431 467 2489 in
500 2429 579 2490 dicte
611 2429 721 2509 capella
754 2429 970 2492 ministraturus
1009 2435 1205 2509 competenter
1244 2434 1338 2510 possit

131 2525 134 2532 ¹
202 2539 208 2544 ·
235 2512 399 2572 sustentari.

298 2682 535 2737 ΚΑνΕΒεΗΑΜ.
561 2671 679 2732 Vicetia
691 2672 723 2732 in
737 2673 855 2733 ecclesia
868 2673 905 2733 de
914 2673 1076 2734 Kan’sham
1089 2692 1146 2752 que
1157 2678 1200 2735 est
1210 2675 1337 2736 Abbatis

235 2759 266 2816 ct
290 2754 461 2815 Conventus
485 2754 522 2813 de
541 2753 686 2830 Noteleya
708 2758 742 2814 ut
764 2755 889 2816 habetur
911 2755 944 2814 in
965 2755 1158 2832 inquisicione
1181 2757 1337 2818 consistere

235 2837 326 2914 possit
339 2837 372 2895 in
386 2836 614 2896 obvencionibus
634 2835 732 2896 alteris
752 2841 781 2896 et
800 2836 922 2908 minutis
937 2836 1058 2896 decimis
1072 2842 1101 2896 et
1114 2833 1146 2896 iis
1160 2836 1279 2898 decimis
1299 2839 1336 2898 ds

235 2918 348 2978 duabus
361 2917 440 2976 hidis
452 2935 525 2993 ques
538 2915 684 2977 Radulfus
693 2917 813 2994 juvenis
826 2922 908 2978 tenet
927 2922 958 2976 et
976 2918 1009 2977 in
1027 2917 1147 2976 decimis
1160 2923 1235 2977 terre
1248 2938 1336 2996 quam

234 2999 334 3058 relicta
347 2998 382 3058 G.
399 2998 555 3060 camerarii
574 3003 655 3057 tenet
675 3017 741 3058 oum
760 3017 862 3058 manso
878 2999 949 3058 olim
962 2999 1092 3075 personis
1106 2999 1254 3077 deputato.
1296 3001 1336 3061 Et

235 3079 315 3140 valet
327 3080 434 3140 vicaria
446 3079 489 3140 vii
501 3078 594 3140 maro'.
637 3079 730 3140 Total'
743 3085 840 3140 summ
854 3078 972 3140 ecclesia
984 3098 1048 3139 m
1061 3080 1155 3138 marc’.

297 3249 566 3305 ΜΑΡΕιῠυΒΑΜ.
593 3239 709 3300 Vinaria
728 3241 762 3299 in
781 3240 899 3300 ecclesia
922 3240 959 3300 de
985 3239 1187 3318 Mapeldnram
1214 3260 1271 3320 que
1291 3247 1335 3303 est

234 3323 391 3383 abbatisse
404 3327 433 3381 et
446 3322 617 3382 monialium
627 3321 663 3381 de
676 3321 772 3381 Fonte
784 3321 906 3382 Ebroldi
919 3326 953 3380 ut
966 3321 1090 3381 habetur
1101 3322 1134 3380 in
1144 3323 1335 3400 inquisicione

235 3403 366 3464 consistit
379 3404 411 3462 in
425 3407 486 3462 toto
500 3404 637 3481 alteragio
651 3403 852 3462 comminutis
862 3401 982 3462 decimis
992 3407 1021 3461 et
1029 3421 1130 3462 manso
1144 3410 1333 3482 competente.

234 3485 275 3544 Et
297 3485 392 3545 solvet
414 3485 539 3544 vicarius
560 3483 702 3544 sinodalia
725 3487 849 3544 tautum
892 3482 1035 3545 Monieles
1053 3488 1152 3544 antem
1171 3485 1335 3566 hospicium

234 3565 441 3627 Archidiaconi
453 3565 655 3642 procurabunt
698 3565 739 3626 Et
750 3564 858 3626 sufficit
870 3564 914 3625 ibi
926 3583 1003 3625 unus
1016 3565 1188 3643 capellanus

294 3737 442 3792 ΘΑΒΙΝΘ.
469 3727 586 3788 Vicaria
608 3728 642 3786 in
665 3727 784 3788 ecclesia
806 3725 844 3787 de
864 3727 975 3804 Garing
998 3745 1055 3805 que
1079 3733 1123 3788 est
1143 3727 1283 3789 Priorisse
1302 3734 1333 3790 et

233 3809 405 3870 monialium
424 3809 535 3869 ibidem
548 3811 664 3887 provisa
683 3814 728 3870 eet
746 3810 780 3868 in
799 3808 878 3869 hunc
892 3808 1022 3868 modum.
1063 3808 1198 3870 Vicarius
1211 3809 1332 3870 habebit

233 3892 351 3950 nomine
364 3895 502 3968 perpetue
514 3890 620 3951 vicarie
633 3910 685 3950 sue
705 3909 805 3950 omnes
825 3889 989 3950 oblaciones
1007 3891 1105 3950 altaris
1118 3909 1185 3950 oum
1196 3891 1331 3952 omnibus

233 3971 335 4049 legatis
355 3977 385 4031 et
405 3991 520 4038 omnem
544 3971 685 4032 decimam
708 3971 783 4031 casei
806 3975 836 4030 et
858 3990 993 4030 mansum
1016 3975 1228 4048 competentem
1251 3977 1332 4033 extra

233 4053 376 4112 ambitum
389 4053 533 4129 prioratus
552 4073 618 4113 cnm
638 4071 697 4112 une
720 4071 785 4112 acra
807 4051 882 4112 te'rre
901 4053 934 4112 in
953 4072 1013 4112 nno
1033 4071 1134 4130 campo
1155 4057 1185 4112 et
1197 4053 1255 4112 alia
1267 4071 1332 4114 acra

233 4139 307 4194 terre
320 4135 353 4193 in
365 4135 423 4193 alio
437 4152 544 4211 campo.
582 4135 622 4195 Et
634 4135 728 4194 solvet
740 4133 866 4193 vicarius
878 4133 1019 4194 sinodalia
1032 4139 1157 4194 tentum.
1188 4134 1333 4195 Moniales

232 4233 301 4274 vero
321 4215 359 4274 de
378 4215 443 4275 aliis
465 4214 624 4275 honeribus
644 4211 711 4295 (etc)
731 4214 956 4292 respondebunt.
998 4215 1040 4274 Et
1066 4215 1172 4276 sufficit
1191 4215 1235 4276 ibi
1255 4235 1332 4278 nnus

234 4297 406 4374 capellanus.
761 4305 765 4314 “
