3246 5096
276 457 318 520 10
663 467 768 524 usn
786 465 965 532 mouns

335 627 551 687 omitum
577 615 695 678 Vioerie
706 615 740 678 iu
752 615 872 678 soolesis
890 613 928 676 de
940 613 1092 678 Orsum
1104 633 1163 694 qus
1174 617 1220 676 est
1231 613 1375 676 diotsrum

277 701 416 764 Priorisse
443 705 473 761 et
499 698 670 760 Conventus
696 697 734 758 de
760 697 871 776 Gering
895 697 1067 758 euotoritete
1100 697 1217 758 ooneilii
1242 696 1376 758 ordinsts

276 783 410 846 oonsistit
422 781 455 842 in
468 784 531 842 toto
540 780 678 858 elteregio
689 784 721 839 st
732 779 767 840 iu
785 778 906 840 deeimis
924 779 1023 840 deoem
1043 797 1173 840 sororum
1185 797 1251 840 oum
1264 797 1374 840 menso.

276 865 367 928 suro
390 862 575 924 ordinacione
598 861 711 922 domini
731 860 870 938 Qisoopi
891 877 978 938 super
1000 859 1100 920 eedem
1123 861 1157 920 iu
1178 865 1326 938 posterum
1348 860 1376 920 si

275 944 436 1008 seeundum
445 943 598 1005 ieeultetes
611 943 704 1020 ipsius
713 941 832 1004 soelssie
839 941 1158 1022 iueriteugmentsudu
1193 940 1376 1002 Etsimillter

275 1028 314 1088 de
327 1025 463 1088 oneribus
475 1030 506 1086 et
517 1023 625 1086 suffieit
637 1023 681 1084 ibi
694 1041 772 1084 unus
784 1023 957 1102 oepeduuus.

334 1195 593 1254 WATltNGTON.
620 1184 737 1246 Vroerie
760 1183 795 1246 iu
817 1183 937 1246 soulesie
959 1183 997 1244 de
1018 1183 1228 1262 Wsthlingtou
1248 1202 1308 1262 qus
1331 1189 1377 1245 est

275 1269 402 1331 Abbetis
419 1273 450 1330 et
463 1270 634 1332 Conventus
647 1265 718 1328 Osn'
731 1266 902 1328 suotoritste
921 1266 1038 1326 ooneilii
1050 1265 1184 1327 ordinsts
1196 1267 1329 1326 consistit
1343 1266 1374 1326 in

276 1351 413 1412 omnibus
425 1355 456 1410 et
468 1367 521 1428 per
533 1349 632 1410 omnis
643 1353 679 1409 ut
695 1367 783 1428 supre
801 1347 904 1409 eodem
915 1346 1163 1410 Arrhidisoouetu
1174 1348 1209 1409 in
1221 1347 1374 1426 prinoipio.

337 1521 492 1576 ΡΙΩΙΤΟΝ.
518 1509 637 1572 Viosris
654 1509 689 1571 in
707 1509 826 1572 soolesie
845 1509 883 1572 de
901 1509 1024 1585 Piritom
1042 1509 1152 1570 Prioris
1162 1513 1191 1570 et
1204 1508 1376 1572 Conventus

276 1593 314 1656 de
340 1591 487 1666 Northou,
515 1593 687 1654 suotositste
719 1591 837 1654 oonoilii
870 1591 1003 1653 ordinate
1026 1591 1160 1653 oonsistit
1185 1591 1220 1650 iu
1239 1591 1376 1652 omnibus

275 1673 503 1736 obvenoionibus
514 1673 614 1734 uitsris
627 1676 657 1734 et
676 1673 710 1734 in
729 1672 865 1734 omnibus
883 1673 1007 1734 minutis
1025 1672 1145 1734 deoimis
1164 1671 1296 1750 ejusdem
1305 1673 1377 1734 ville

275 1759 371 1835 preter
393 1754 536 1816 deoimem
557 1753 710 1834 gerberum
737 1753 893 1832 ourtillegii
918 1773 986 1814 oum
1011 1759 1057 1815 tut
1080 1755 1168 1833 gsrbe
1190 1754 1224 1814 in
1247 1755 1376 1814 monerio

275 1835 428 1898 extiterint
439 1835 521 1914 quod
533 1835 644 1896 deoims
653 1836 741 1915 gerbs
749 1835 820 1896 inde
829 1836 922 1914 ponit
930 1836 1083 1914 provenire
1094 1853 1153 1913 que
1165 1835 1277 1896 deoims
1289 1835 1378 1914 gsrbs

275 1919 314 1979 ed
332 1917 477 1996 prediotos
496 1917 621 1995 priorem
644 1921 675 1978 st
696 1923 873 1979 conventum
896 1917 1062 1996 pertinebit
1104 1916 1192 1993 Quod
1214 1917 1241 1978 ei
1260 1921 1379 1994 propter

275 1999 452 2078 psuoitetem
464 1999 616 2077 gerberum
629 1998 741 2060 deoime
752 1999 841 2078 gerbe
852 2017 914 2058 uon
926 1999 1091 2077 provenerit
1103 1998 1228 2058 vieerius
1237 1998 1377 2076 peroipiet

275 2080 418 2142 deciment
427 2079 497 2140 iude
506 2081 732 2158 provenientem.
774 2079 906 2142 Hebebit
915 2080 1004 2140 etiem
1012 2079 1264 2140 viosriusnomiue
1271 2079 1378 2141 vimrie

275 2181 328 2224 sue
340 2179 442 2222 omues
460 2161 587 2222 deoimss
606 2163 695 2222 unius
714 2161 825 2241 virgete
844 2165 919 2222 terre
938 2165 969 2221 et
988 2159 1110 2222 dimidie
1128 2161 1161 2221 in
1175 2161 1291 2222 Piritou
1304 2179 1377 2238 quse

276 2243 298 2304 J
298 2242 428 2305 ohannes
440 2241 520 2304 tilius
534 2243 663 2304 Simonis
676 2247 707 2304 et
719 2243 897 2320 Regineldus
909 2241 988 2302 filius
999 2241 1103 2320 Godi&
1117 2246 1220 2303 tenent
1234 2247 1263 2302 et
1276 2261 1377 2302 omnes

277 2323 403 2384 desimus
415 2323 506 2384 trium
518 2323 695 2403 virgeterum
708 2329 739 2386 et
758 2323 880 2385 dimidie
897 2324 933 2384 iu
944 2321 1045 2384 eedem
1057 2325 1130 2384 ville
1142 2341 1214 2402 ques
1227 2322 1378 2383 walterus

276 2403 317 2465 fil’
331 2403 455 2483 Sywsrd
466 2409 498 2465 et
511 2404 654 2466 Rioerdue
672 2403 713 2465 fll’
725 2403 801 2466 Alio'
814 2409 847 2466 et
865 2403 1007 2466 Rioerdus
1020 2403 1156 2466 Frsnoeie
1169 2408 1199 2464 et
1213 2401 1377 2465 Rennbeld’

276 2485 353 2545 Brut
366 2489 468 2546 teuent
480 2490 511 2546 et
527 2505 616 2546 uuem
629 2485 782 2548 dimidiam
795 2487 936 2566 virgstem
949 2491 1024 2546 terre
1033 2505 1100 2547 oum
1110 2485 1247 2546 omuibus
1257 2485 1378 2546 deoimis

277 2565 408 2644 ejusdem
428 2570 458 2627 et
476 2571 560 2644 preto
580 2567 731 2645 sdjeoeute
750 2585 838 2647 quem
857 2565 968 2628 Editho
987 2566 1077 2628 vidue
1096 2572 1178 2628 tenet
1196 2567 1231 2628 in
1249 2567 1321 2627 ville
1340 2565 1378 2626 de

277 2647 400 2708 Piritou.
442 2647 532 2710 Selve
553 2649 612 2726 ipsi
634 2649 668 2710 R
693 2649 873 2728 possessione
895 2667 948 2708 sue
969 2665 1028 2726 quo
1051 2648 1205 2709 advixerit
1247 2647 1378 2709 Habebit

277 2728 369 2789 eeiem
388 2747 489 2788 omues
508 2729 702 2791 obvenoionee
714 2736 745 2792 et
758 2730 884 2792 deeimss
903 2733 964 2790 tem
983 2729 1136 2806 gethorum
1155 2747 1243 2808 quem
1256 2729 1379 2790 slierum

277 2829 373 2870 rerum
383 2809 515 2870 omnium
524 2809 603 2888 epud
614 2809 760 2872 Stemdsli
767 2831 834 2873 oum
846 2831 907 2872 uus
919 2809 1042 2872 dimidie
1051 2813 1163 2891 virgets
1171 2816 1247 2872 teus
1256 2814 1286 2871 et
1295 2815 1379 2889 preto

277 2891 428 2969 sdjeoeute
440 2891 474 2952 iu
486 2889 587 2952 eedem
599 2891 678 2953 ville
721 2893 799 2954 Item
811 2893 932 2954 hebebit
948 2891 1008 2953 duo
1021 2893 1181 2972 messuagio
1193 2910 1286 2952 uuum
1299 2889 1380 2969 epud

277 2971 394 3035 Piritou
415 2977 447 3034 et
472 2971 553 3034 eliud
580 2973 659 3051 spud
673 2972 819 3036 Stemdell
843 2974 952 3036 vioerio
975 2976 1126 3054 essiguste
1177 2972 1287 3035 Omnes
1310 2991 1379 3034 vero

277 3053 421 3132 prediotes
440 3058 530 3114 terres
549 3057 579 3114 et
599 3053 726 3115 deoimes
748 3055 872 3133 predioti
884 3055 969 3116 Prior
990 3061 1021 3118 et
1034 3055 1175 3118 Cenonioi
1193 3054 1252 3133 ipsi
1270 3052 1378 3115 vioerio

277 3135 508 3196 verentirebunt
527 3135 635 3214 etipse
654 3135 779 3197 vieerius
799 3137 937 3198 offioisbit
956 3155 1009 3216 per
1027 3155 1058 3198 ee
1078 3141 1108 3197 et
1126 3155 1179 3215 per
1198 3135 1378 3214 ospellsnum

253 3233 256 3242 ’
278 3216 389 3276 sosium
418 3217 567 3278 seelesism
597 3216 635 3278 de
660 3215 775 3278 Purton
806 3223 837 3278 et
865 3219 1006 3297 ospellem
1025 3218 1063 3280 de
1083 3217 1229 3280 Stemdeli
1256 3215 1379 3294 siugulis

278 3296 383 3358 diebus
395 3301 426 3359 et
437 3299 536 3358 omnis
548 3316 635 3358 onere
647 3299 820 3378 episeopeiie
831 3299 960 3378 ipsorum
973 3299 1092 3361 erotesis
1111 3305 1142 3360 et
1158 3297 1267 3378 ospelle
1280 3296 1381 3358 debite

278 3382 309 3438 st
328 3383 466 3440 oonsuets
484 3380 641 3441 sustinebit
660 3384 756 3459 preter
773 3380 938 3462 hospitium
947 3379 1155 3444 Arobidisooni
1174 3379 1254 3460 quod
1273 3377 1380 3460 prefati

278 3459 363 3520 Prior
375 3465 406 3522 et
415 3461 556 3524 Oenonioi
568 3461 773 3540 prooursbunt

342 3629 475 3686 ESTON.
500 3621 657 3684 Vioerisiu
665 3622 783 3686 eoeleeis
791 3623 828 3686 de
835 3623 929 3686 Pston
936 3623 1163 3704 qusestPiiorie
1171 3628 1202 3685 et
1210 3623 1382 3686 Conventus

279 3701 317 3764 de
332 3701 534 3782 walingeford
554 3704 725 3766 auotoritete
748 3705 865 3766 eeneiiii
887 3707 1019 3768 ordinate
1038 3706 1173 3768 oonsistit
1191 3706 1225 3767 iu
1244 3704 1381 3766 omnibus

279 3783 508 3846 obventionibus
520 3785 721 3848 oblationibus
736 3793 767 3847 et
784 3787 907 3848 minutis
927 3787 1047 3849 decimis
1065 3788 1194 3848 metricis
1213 3785 1331 3846 ecclesie
1343 3785 1382 3845 de

279 3865 374 3927 Fstou
392 3871 423 3926 et
442 3866 552 3944 ospello
574 3867 612 3928 de
635 3867 891 3930 Stolreneohurehe
909 3869 1067 3948 epeotentis
1089 3868 1129 3929 sd
1151 3868 1273 3929 audem
1297 3871 1327 3927 et
1348 3867 1380 3925 iu

279 3946 400 4008 deoimis
411 3947 564 4024 perborum
577 3948 615 4009 de
627 3949 681 4028 viij
697 3950 818 4029 virgetis
837 3955 912 4012 terre
924 3952 957 4011 in
971 3949 1142 4030 copiulroth
1155 3950 1236 4010 undo
1248 3949 1382 4026 Augetur

279 4033 361 4090 tenet
380 4029 554 4109 iijvirgetes
567 4029 699 4091 Andreu
718 4031 791 4092 dues
812 4032 942 4111 Rogerus
961 4031 1034 4093 dues
1060 4036 1090 4092 st
1109 4031 1256 4092 Robertus
1275 4047 1383 4107 pervus

279 4129 376 4172 unem.
420 4111 482 4186 [1¹²0.
510 4107 571 4194 ab]
610 4110 746 4172 Viosriue
778 4118 876 4174 sutem
900 4113 1044 4175 deserviet
1069 4113 1183 4175 metrioi
1208 4111 1326 4172 eooleeie
1352 4115 1383 4170 et

280 4191 389 4270 oepelle
402 4195 432 4252 et
446 4191 540 4254 solvet
553 4191 695 4254 duodelis
708 4197 738 4254 et
751 4194 785 4255 iu
797 4195 934 4257 omnibus
943 4206 995 4273 pro'
1006 4195 1114 4256 visens
1124 4213 1176 4254 sue
1185 4191 1380 4272 respondebit.

280 4272 365 4333 Prior
377 4289 445 4333 vero
458 4278 489 4333 et
498 4272 669 4336 Conventus
683 4275 879 4354 proourebunt
889 4275 1055 4356 bospioium
1067 4275 1273 4338 Arohidieooui
1286 4278 1317 4334 st
1329 4292 1383 4352 pro

281 4373 334 4414 sue
346 4353 482 4433 poroione
493 4360 582 4432 prout
593 4355 670 4417 reoio
682 4356 874 4434 postulaverit
892 4357 1097 4436 providebunt.
1138 4377 1140 4380 ·
