3258 5096
255 495 297 560 92
642 507 748 562 umus
769 505 946 572 rumonus

253 661 291 722 de
310 656 483 732 Fickertcn'‚
500 657 536 720 R.
558 657 595 718 de
614 655 753 731 Bristoll',
773 655 882 718 Theob'
902 657 939 718 ds
959 657 1075 728 Bosell',
1096 657 1144 718 W.
1160 657 1198 718 de
1218 657 1352 734 Adrion,

252 741 287 802 P.
299 743 337 802 de
346 741 441 814 satu,
452 739 489 800 R
500 739 538 800 de
548 739 664 812 Bohnn,
674 739 820 798 cononicis
829 737 920 814 Linc’,
932 739 1081 817 Megistos
1091 740 1126 800 R
1137 740 1175 799 de
1184 739 1352 816 Tinghurst,

252 827 283 883 et
296 823 330 884 Ο.
347 822 384 883 de
398 821 562 884 Cheinduit
575 819 685 894 clerico,
700 825 730 879 et
743 819 816 880 eliis.
858 819 928 880 Det'
940 839 992 898 per
1004 839 1108 882 munus
1120 820 1170 881 W.
1186 821 1223 880 de
1236 821 1354 882 Torncc'

250 903 447 965 archidiaconi
460 901 556 964 Stove
566 901 599 961 in
609 901 746 979 Cupitulo
757 898 839 960 Linc'
848 900 928 978 opud
938 901 1020 962 Line'
1030 902 1119 963 tercie
1132 901 1191 964 kin
1202 901 1351 981 Februarii

252 985 439 1064 pontificctus
452 983 546 1044 nostri
558 1001 635 1044 euno
648 981 769 1042 decimo.

342 1159 466 1216 υΑῃτΑ
474 1163 550 1222 pure
562 1143 674 1206 cocheio
686 1144 722 1204 de
735 1144 901 1220 Kurketon'.

312 1161 467 1290 guiversis
480 1227 527 1286 dc.
569 1226 694 1286 Noverit
703 1225 878 1286 universitas
891 1229 986 1286 vestre
999 1243 1053 1285 nos
1066 1224 1104 1286 de
1118 1243 1237 1286 assensu
1247 1225 1353 1304 Rogeri

251 1307 365 1370 Decnni
397 1313 428 1368 et
454 1307 586 1386 Capituli
617 1307 711 1366 nostri
737 1307 819 1366 Linc'
846 1307 1018 1366 concessisse
1051 1311 1082 1366 et
1114 1308 1242 1384 presenti
1275 1311 1354 1368 curto

250 1391 433 1450 confirmasse
452 1389 567 1449 dilectis
585 1388 620 1448 in
639 1387 757 1449 Christo
777 1387 846 1448 filiis
866 1387 961 1448 Priori
980 1393 1011 1448 et
1030 1387 1168 1448 iratribus
1189 1387 1353 1466 Hospitalis

250 1471 481 1532 Jerusslimitcni
507 1471 541 1530 in
567 1469 675 1546 Anglie
702 1487 801 1529 omnes
828 1467 953 1528 decimus
980 1468 1134 1547 garbarum
1159 1469 1198 1529 cd
1220 1475 1354 1548 quartem

250 1557 363 1630 purtem
382 1551 500 1612 ecclesie
520 1551 558 1610 de
577 1549 727 1610 Kirkeion
746 1549 958 1628 pertinencium
978 1568 1051 1627 ques
1070 1569 1122 1627 per
1137 1550 1299 1610 Robertum
1315 1551 1353 1610 de

250 1633 379 1692 Herdres
392 1631 540 1710 quendem
553 1631 714 1692 Officislem
726 1631 988 1692 Archidicconstus
1001 1631 1083 1691 Linc'
1092 1632 1174 1708 prius
1186 1631 1353 1692 habuerunt

249 1713 283 1774 in
302 1733 372 1774 usus
395 1713 499 1791 prioris
524 1717 555 1773 et
582 1713 705 1772 {rutrum
724 1731 884 1792 pauperum
907 1713 1060 1791 hospitalis
1080 1717 1164 1773 extre
1186 1713 1288 1772 villum
1319 1713 1349 1774 S.

250 1795 362 1856 Botulfi
381 1794 415 1854 in
434 1793 581 1872 Hoylcud'
602 1794 844 1854 commorencium
860 1793 1070 1854 convertendus
1089 1798 1120 1853 et
1139 1794 1353 1872 imperpetuum

250 1875 456 1954 possidendus:
477 1875 596 1953 insuper
605 1875 697 1935 ecicm
707 1875 941 1937 ducsmurcesde
950 1875 1073 1935 minutis
1082 1875 1202 1935 decimis
1210 1880 1240 1934 et
1248 1876 1354 1935 obven-

249 1959 383 2019 cionibus
396 1957 527 2034 slturegii
540 1955 671 2034 ejusdem
684 1963 786 2035 quurte
805 1957 895 2034 pertis
915 1957 1068 2016 mnustim
1087 1957 1204 2016 nomine
1217 1957 1351 2034 perpetui

249 2039 384 2100 beneficii
396 2043 513 2098 tentum
531 2037 731 2115 percipiendus
750 2057 802 2116 per
821 2056 925 2098 manus
944 2055 1065 2116 persone
1084 2037 1165 2096 illius
1184 2037 1302 2097 ecclesie
1315 2037 1353 2097 de

250 2120 357 2197 quibus
379 2125 505 2198 quatuor
527 2137 636 2180 merces
659 2120 740 2197 prius
766 2119 912 2197 percipere
935 2124 1155 2179 consueverunt.
1199 2118 1296 2180 Salvis
1319 2118 1353 2178 in

249 2201 385 2262 omnibus
399 2201 445 2261 dcc.
487 2199 528 2259 Et
540 2206 575 2260 ut
588 2200 643 2260 hec
656 2205 754 2260 nostre
772 2201 963 2274 confirmacio,
978 2200 1024 2260 dvc.
1068 2198 1204 2259 Testibus
1217 2205 1252 2259 ut
1265 2219 1352 2277 supre

250 2287 329 2342 curte
341 2283 474 2360 proxime
493 2281 633 2358 appositis
652 2279 701 2340 hie
721 2281 783 2342 Ric.
799 2280 836 2339 de
849 2279 1004 2341 Lindvvud'
1018 2285 1048 2340 et
1065 2281 1141 2352 But.
1157 2281 1194 2340 de
1208 2280 1307 2340 Holm'
1321 2285 1352 2340 et

250 2363 401 2441 Stephano
421 2363 458 2422 de
471 2361 539 2425 Oio'.
582 2359 653 2421 Det'
675 2381 727 2440 per
749 2355 854 2422 mensis
877 2361 926 2421 W.
953 2362 990 2422 de
1012 2361 1131 2422 Tomsc’
1144 2361 1353 2422 Archidinconi

251 2443 349 2506 Stove
362 2443 442 2522 apud
454 2441 536 2504 Linc'
550 2443 674 2521 septimo
689 2443 735 2504 Id'
744 2442 894 2520 Febmcrij
910 2443 1096 2522 pontificatus
1109 2443 1201 2504 nostri
1214 2461 1292 2504 enno
1305 2451 1349 2504 1⁰.

308 2600 581 2656 ΑΡΡΗΟΡΒΙΑΟΙΟ
599 2599 896 2655 (ἓΑΜΕΙῖΙΝίΞΗΑΜΙ

311 2666 465 2727 Universis
479 2664 530 2730 &o
566 2664 690 2725 Noverit
703 2665 877 2724 universitas
890 2669 986 2725 vestre
1000 2683 1054 2726 nos
1068 2665 1105 2726 de
1118 2683 1236 2726 assensu
1246 2665 1351 2744 Rogeri

250 2747 363 2807 Deceni
385 2752 415 2806 et
437 2745 568 2824 Cepituli
596 2745 690 2806 nostri
709 2744 791 2805 Linc'
804 2745 906 2805 divine
925 2747 1043 2823 pietetis
1062 2749 1175 2808 intuitu
1189 2747 1302 2807 dedisse
1321 2751 1352 2807 et

250 2828 424 2890 concessisse
450 2827 562 2886 Abbati
588 2831 619 2886 et
645 2825 813 2889 Conventui
839 2825 877 2886 de
903 2827 1111 2888 Blsnehelcnd’
1138 2829 1286 2888 ecclesium
1315 2828 1351 2887 de

251 2907 497 2988 Kameringehem
523 2926 581 2986 que
607 2908 644 2968 de
671 2927 770 2968 eorum
796 2911 841 2968 est
866 2907 1058 2970 cdvocecione
1078 2909 1111 2970 in
1131 2910 1262 2987 proprios
1281 2929 1352 2968 usus

251 2990 466 3070 imperpetuum
476 2989 687 3068 possidendum
723 2989 1226 3066 Sulveperpetnevieurieineedem
1235 2991 1354 3050 ecclesis

250 3091 368 3150 pernes
381 3073 525 3150 resignate
535 3072 668 3132 Gilberto
679 3071 835 3149 Cepellenc
849 3089 936 3149 quem
946 3071 985 3131 cd
994 3072 1240 3148 presentationem
1253 3091 1352 3132 eorum
1380 3109 1381 3116 κ

251 3153 289 3213 ud
312 3154 405 3232 ipsum
426 3153 597 3214 admisimus
620 3156 651 3212 et
670 3153 703 3212 in
723 3171 756 3212 ec
776 3153 917 3212 vicarium
933 3157 1106 3230 perpetuum
1119 3153 1302 3212 instituimus
1321 3156 1351 3212 et

249 3235 461 3296 successoribus
470 3235 532 3294 suis
541 3235 574 3294 in
585 3233 685 3294 ecdem
695 3233 814 3294 ecclesis
822 3233 855 3292 in
868 3235 991 3312 propriis
1004 3234 1134 3312 personis
1145 3234 1352 3294 ministraturis

250 3335 268 3374 e
295 3316 432 3394 predictis
458 3315 576 3376 Abbete
602 3321 632 3375 et
659 3319 806 3376 conventu
832 3315 871 3374 ed
897 3333 961 3375 eum
987 3315 1121 3376 similiter
1151 3315 1352 3392 presentendis
1421 3363 1423 3368 ,

250 3399 388 3474 quociens
410 3399 505 3474 ipsam
526 3396 664 3457 vicet-iem
686 3415 787 3458 vocure
811 3395 964 3476 contigerit
987 3397 1072 3457 nobis
1091 3401 1122 3457 et
1141 3397 1351 3458 successoribus

250 3479 357 3538 nostru
370 3483 401 3540 et
412 3479 446 3538 in
458 3497 492 3539 ee
506 3479 642 3538 canonice
654 3477 852 3539 instituendis.

311 3652 519 3709 onosusoto
539 3640 648 3700 sicone
660 3641 791 3718 ep'usdan.

312 3722 376 3798 Qus
397 3721 515 3800 quidem
535 3721 642 3782 viceris
655 3721 788 3782 consistit
807 3720 840 3780 in
859 3725 922 3781 toto
935 3721 1073 3800 ulter-egio
1087 3720 1217 3798 ejusdem
1233 3721 1351 3782 ecclesie

136 3853 139 3864 .
251 3809 282 3864 et
303 3804 337 3864 in
360 3801 487 3881 quodem
510 3803 587 3863 tofto
611 3808 641 3862 et
660 3803 755 3862 tribus
774 3803 889 3862 bevotis
909 3807 984 3862 terre
997 3803 1150 3864 dominicis
1163 3803 1351 3882 ecclesieque

249 3885 395 3966 Robertus
418 3883 525 3944 Tumin
547 3885 645 3944 tenuit
668 3890 698 3944 et
721 3885 754 3943 in
778 3883 890 3944 decime
917 3882 997 3962 viiji⁰
1020 3886 1192 3945 boveterum
1219 3890 1294 3944 terre
1313 3885 1350 3944 de

250 3969 358 4046 quibus
371 3967 433 4027 Ric.
449 3967 489 4026 ffl’
504 3965 622 4040 Heruei‚
642 3965 717 4026 Rob.
739 3965 863 4038 Beeufiz,
884 3965 947 4026 Ric.
970 3966 1078 4026 Bechel
1093 3972 1123 4026 et
1143 3967 1205 4028 Ric.
1227 3968 1353 4026 Tenetur

249 4049 358 4127 singuli
372 4049 444 4108 dues
456 4049 577 4108 bovatas
590 4048 622 4106 in
642 4047 742 4107 eedem
761 4046 834 4107 ville
852 4051 961 4107 teuent.
1005 4048 1090 4107 Idem
1110 4053 1207 4108 eutem
1227 4049 1351 4108 vicenus

250 4131 299 4192 rel
312 4148 487 4190 successores
500 4130 596 4189 suido
609 4129 755 4188 dominico
763 4127 886 4188 'ecclesie
899 4129 937 4188 sd
950 4129 1030 4206 ipsos
1042 4129 1206 4206 pertinente
1226 4129 1351 4190 decimes

252 4212 347 4272 nullos
361 4211 482 4285 debunt,
496 4211 548 4271 sed
571 4209 713 4271 sinodalis
736 4212 851 4269 tuntum
875 4228 927 4287 pro
947 4210 1048 4270 eedem
1068 4210 1186 4272 ecclesie
1199 4211 1351 4272 ennnstim

254 4292 353 4354 debite
366 4291 539 4370 persolvent
581 4291 682 4352 Abbcs
696 4311 764 4352 vero
785 4295 816 4350 et
837 4291 969 4352 cononici
989 4292 1088 4352 omnic
1108 4291 1165 4352 clio
1186 4311 1272 4354 onere
1292 4299 1353 4352 tem
