3246 5096
635 502 792 558 Rucuma
814 503 938 558 wama,
1000 544 1009 560 .
1303 490 1344 554 45

245 655 275 714 at
301 652 397 714 solvat
423 653 626 714 tantummodo
660 651 812 730 synodalia
838 656 869 713 ot
894 653 957 730 ipso
983 653 1124 714 moniales
1149 655 1347 732 procurabant

244 733 408 813 hospicium
418 734 613 794 archidiaconi
623 737 653 796 et
662 733 850 795 sustinebunt
863 733 960 794 omnia
969 733 1027 793 alia
1036 753 1122 795 onera
1130 739 1191 796 tam
1202 737 1348 798 ordinaria

245 834 333 894 quam
346 815 581 876 extraordinaria.

307 992 648 1049 NORTHELKYNTON.
675 973 786 1058 [North
806 973 992 1058 Ethiopian]
1031 977 1149 1037 Vicaria
1173 978 1207 1038 in
1230 979 1349 1040 ccclesia

246 1059 282 1119 da
295 1059 327 1118 N
327 1059 528 1120 orthollrinton
542 1079 599 1136 qua
608 1063 653 1119 ast
666 1058 829 1118 carumdem
850 1057 984 1119 consistit
997 1058 1030 1118 in
1043 1062 1106 1118 toto
1119 1059 1256 1137 altamgio
1270 1065 1300 1122 st
1313 1062 1346 1120 in

246 1144 348 1217 quarta
370 1139 459 1216 garba
482 1139 584 1200 dscinr'
607 1141 699 1200 totins
720 1139 791 1202 villa
818 1158 885 1199 cum
908 1139 1018 1200 decime
1042 1139 1160 1199 collecta
1183 1140 1293 1200 fucum
1317 1148 1348 1202 et

245 1221 381 1299 priorissa
394 1224 423 1280 at
437 1225 597 1282 convontus
610 1220 806 1300 procurabunt
821 1219 984 1298 hospicium
998 1220 1193 1281 archidiaconi
1206 1227 1236 1281 at
1249 1223 1348 1284 omnia

245 1301 302 1442 alils
322 1319 409 1363 onera
428 1303 615 1364 sustinebunt
635 1308 731 1380 preter
749 1301 901 1380 synodalia
920 1320 977 1379 quo
997 1302 1121 1362 mosrius
1142 1305 1346 1364 tantummodo

246 1401 278 1442 so
291 1387 341 1444 vet
353 1385 512 1446 annuatim.

308 1563 494 1618 ΒοΝοεΒγ,
523 1546 659 1624 [Bocota]
699 1545 816 1606 Vicaria
828 1545 861 1605 in
881 1543 999 1604 ccclesia
1018 1543 1056 1605 de
1075 1544 1219 1622 Bondsby
1233 1565 1290 1624 qus
1304 1552 1348 1609 ast

246 1629 350 1707 prioris
363 1634 393 1690 at
406 1634 567 1690 conventus
581 1627 617 1689 de
638 1627 746 1690 Sancto
766 1626 922 1686 Fromu'do
942 1627 1075 1687 consistit
1088 1627 1121 1687 in
1134 1631 1197 1688 toto
1211 1627 1348 1708 altaragio

246 1731 313 1770 cum
326 1711 445 1770 decimis
459 1711 615 1770 croitorum
625 1714 654 1769 et
664 1708 805 1768 toftorum
817 1708 909 1768 totins
921 1708 1051 1784 ejusdem
1065 1707 1135 1768 ville
1145 1714 1175 1770 et
1184 1709 1264 1769 valet
1276 1715 1348 1770 tunc

245 1793 352 1852 vicaria
365 1811 386 1853 r
405 1793 490 1852 maro'
504 1797 534 1852 et
553 1791 617 1868 ipse
636 1791 714 1869 prior
734 1795 764 1850 at
783 1795 944 1850 conventus
964 1789 1160 1866 procurabunt
1180 1790 1345 1868 hospicium

246 1873 441 1934 archidiaconi
454 1878 484 1933 ct
503 1873 601 1932 onmia
620 1871 678 1930 alia
697 1890 784 1930 onera
803 1869 991 1931 sustinebunt
1011 1875 1106 1949 preter
1125 1871 1349 1950 synodalisque

245 1955 370 2014 vicarius
383 1952 587 2016 tantummodo
600 1953 695 2013 solvet
706 1953 868 2012 annuatim.

306 2129 553 2186 srlxzswaun.
579 2110 756 2197 [sclarola]
795 2113 913 2174 Vicaria
931 2113 964 2172 in
984 2111 1102 2173 ccclesia
1115 2113 1152 2174 de
1171 2113 1349 2176 Stiksswald

246 2217 302 2274 que
316 2202 361 2256 est
374 2197 545 2256 monialium
558 2195 596 2256 dc
612 2195 788 2258 Stilreswald
801 2195 842 2255 sic
856 2200 900 2256 est
914 2195 1053 2254 ordinata
1095 2195 1230 2256 Vicarius
1243 2196 1298 2256 erit
1311 2197 1349 2256 ad

245 2297 375 2338 mensam
387 2278 519 2354 magistri
531 2281 566 2336 ut
578 2278 702 2338 vicarius
719 2277 855 2336 secularis
869 2281 900 2336 at
912 2275 1033 2336 habebit
1047 2277 1198 2336 annuatim
1212 2277 1249 2338 da
1262 2277 1349 2337 dictis

245 2359 383 2436 magistro
393 2364 423 2418 et
436 2361 582 2419 conventu
592 2379 635 2418 xx
643 2358 752 2418 solidos
765 2357 803 2417 ad
817 2358 955 2418 vestitum
966 2375 1060 2418 suum.
1095 2357 1134 2417 Et
1147 2357 1206 2436 ipsi
1214 2359 1351 2436 magister

248 2444 278 2500 at
288 2444 449 2500 conventus
458 2441 654 2517 procurabunt
663 2439 828 2515 hospicium
837 2438 1033 2498 archidiaconi
1043 2442 1073 2498 et
1082 2439 1197 2499 solvent
1207 2439 1350 2499 sinodalia

248 2525 278 2581 et
288 2525 381 2582 cetera
390 2540 477 2582 onera
487 2523 584 2581 omnia
594 2525 655 2581 tam
666 2521 812 2581 ordinaria
821 2539 909 2598 quam
920 2519 1145 2580 extraordinaria
1152 2521 1347 2581 sustinebunt.

248 2769 292 2824 est
302 2679 1350 2842 dddddddddrhsscdhsdshlihqddliddd]altdrhgrodhlhhnmectdhhhquddHRudldddddusqdd

248 2845 348 2905 Wima
361 2846 457 2906 tenuit
470 2849 501 2904 et
513 2846 546 2904 in
559 2846 679 2907 decimis
691 2847 844 2924 garbarum
862 2844 1022 2904 Hameletti
1036 2844 1073 2904 de
1088 2844 1237 2921 Spillasby
1249 2864 1317 2904 cum
1329 2864 1350 2906 v

248 2927 662 2988 sallionibusterreaddictam
670 2926 1048 3004 ecclesiampartinsntibus.
1075 2926 1350 2986 Etvicariussolvet

248 3008 450 3068 tantummodo
471 3009 622 3086 synodalia
642 3013 672 3069 et
691 3008 749 3086 ipsi
768 3009 904 3085 magister
923 3012 953 3066 et
976 3011 1136 3067 convontus
1155 3007 1351 3085 procurabunt

248 3088 413 3183 hospicium
432 3088 628 3150 archidiaconi
648 3095 677 3150 at
697 3090 795 3149 omnia
814 3089 872 3149 alia
899 3107 986 3148 onera
1004 3087 1199 3150 sustinebunt.
1242 3087 1283 3148 Et
1305 3093 1351 3148 ast

248 3187 356 3230 vicena
368 3189 389 3231 v
401 3188 568 3231 marcarum.

310 3345 543 3402 ΗυΝῠΙΝΤΟΝ.
571 3327 776 3414 [Ηοηὶπρίοη]
816 3332 933 3393 Vicaria
945 3331 978 3391 in
991 3329 1110 3391 wasia
1122 3329 1159 3391 de
1171 3329 1351 3391 Hundintcn

249 3431 306 3489 que
319 3418 364 3473 est
376 3414 543 3473 carumdem
562 3415 695 3475 consistit
714 3414 748 3472 in
767 3419 830 3473 toto
848 3413 985 3489 altaragio
999 3417 1029 3472 et
1042 3413 1076 3472 in
1088 3413 1208 3472 decimis
1222 3417 1350 3472 ortorum

248 3512 423 3635 hhdoeffiue
439 3514 529 3636 gam
549 3495 630 3556 bladi
629 3495 722 3636 leddl
731 3495 799 3636 lplati
821 3496 882 3634 {apt
888 3494 1350 3636 demfidets·indhwdhisnddmi

287 3594 605 3636 vammeuas
716 3595 808 3636 aus
920 3594 1100 3636 awarrw
1320 3593 1336 3634 e

248 3655 399 3716 Johannes
418 3657 460 3716 fil'
479 3595 576 3716 Baddr'
595 3662 699 3717 tenent
718 3657 752 3717 in
770 3657 871 3717 cadem
883 3657 963 3718 villa
1006 3657 1137 3718 Habebit
1150 3656 1240 3716 eciam
1254 3656 1350 3717 dictus

248 3737 373 3796 vicarius
392 3737 501 3798 toftum
522 3737 602 3814 quod
621 3738 681 3798 fuit
701 3738 856 3797 Willielmi
875 3737 915 3798 fil’
937 3738 1082 3817 supplicii
1101 3744 1132 3798 et
1144 3739 1206 3816 ipso
1225 3737 1350 3798 vicarius

248 3818 342 3879 solvat
368 3819 570 3880 tantummodo
591 3817 749 3896 synodalia.
791 3819 831 3878 Et
850 3820 908 3897 ipsi
928 3815 1064 3897 magister
1082 3823 1112 3878 st
1132 3823 1291 3878 conventus
1312 3817 1349 3878 de

249 3897 425 3959 Stilraswald
437 3899 633 3977 procurabunt
652 3899 816 3978 hospicium
833 3900 1028 3960 archidiaconi
1041 3905 1071 3960 et
1083 3900 1181 3959 omnia
1193 3898 1250 3959 alia
1263 3917 1349 3959 onera

248 3983 310 4039 tam
323 3979 467 4040 ordinaria
481 3999 569 4058 quam
582 3981 807 4042 extraordinaria
819 3982 1006 4042 sustinebunt
1024 3986 1055 4042 et
1068 3993 1113 4042 est
1125 3985 1195 4040 tunc
1208 3979 1319 4039 vicaria
1328 3999 1348 4040 v

248 4079 416 4121 marcarum.

310 4219 680 4306 nostrosnostros]
720 4225 882 4286 visan
895 4182 1222 4285 salmace'mvincon
1235 4241 1292 4300 qus
1306 4228 1350 4284 ssa

249 4303 406 4363 earundem
426 4305 558 4366 consistit
577 4307 609 4365 in
629 4309 692 4366 toto
712 4306 849 4384 altaragio
862 4312 924 4367 tam
944 4305 1061 4366 ccclesia
1074 4324 1162 4383 quam
1175 4305 1349 4382 capellarum

249 4385 287 4447 ad
306 4384 455 4448 ecclesiam
475 4387 597 4446 eandam
616 4388 828 4470 pertinencium
847 4393 878 4448 st
896 4389 929 4448 in
948 4387 1068 4447 decimis
1088 4385 1239 4466 garbarum
1258 4386 1348 4448 totius
