3258 5096
279 461 322 530 86
669 479 776 536 mara
796 479 974 546 rumonus

278 627 674 708 capellanipemoneillius
701 629 1381 709 ecclesieetsucocseorumsnorurnquied

278 729 460 772 communem
480 711 725 788 presentationem
745 712 890 773 dictorum
909 713 1014 790 prioris
1032 718 1063 773 et
1078 717 1240 773 conventus
1252 717 1282 772 ct
1294 711 1381 771 dilec

277 796 373 854 tarum
382 792 417 852 in
425 791 543 854 Christo
553 791 679 852 filiarum
692 793 826 870 priorine
839 799 870 854 et
882 798 1044 854 conventus
1056 793 1094 854 de
1103 793 1261 854 Gmnefeld
1271 795 1306 852 in
1316 796 1380 852 tots

278 874 398 934 ecclesis
410 893 463 952 pro
476 879 605 952 ternpore
625 873 735 934 fuerint
754 875 893 936 instituti.
936 874 1034 936 Salvia
1053 875 1086 934 in
1101 876 1238 936 omnibus
1251 876 1298 934 bc.
1339 875 1381 933 Et

276 959 313 1096 pt
331 955 386 1051 bec
406 954 671 1096 nostrnixponosseio
695 955 741 1016 &c
783 957 920 1018 Testibns
943 961 974 1016 et
993 957 1063 1016 Dat'
1082 961 1117 1016 ut
1139 976 1228 1036 snpra
1249 957 1284 1016 in
1302 960 1380 1016 carte

297 1055 397 1111 corma,
410 1055 488 1098 enno
546 1081 554 1097 .

335 1197 675 1269 tenerositatem
687 1199 839 1260 minoto
852 1199 986 1277 omem.

336 1278 492 1340 Univereia
519 1277 574 1340 iro.
616 1279 741 1340 Noverit
766 1281 941 1343 universitas
967 1287 1066 1346 vestm
1092 1301 1148 1342 noe
1173 1281 1211 1342 de
1237 1299 1379 1340 consensu

275 1361 382 1440 Rogeri
390 1359 503 1421 Deceni
516 1364 546 1420 et
557 1361 688 1439 Capituli
700 1363 793 1422 nostri
802 1361 884 1424 Linc’
895 1365 996 1426 divine
1008 1365 1127 1444 pietatis
1139 1362 1252 1422 intuitu
1264 1361 1379 1421 dedisse

275 1448 306 1504 et
328 1441 501 1504 concessisse
524 1441 639 1502 dilectis
663 1443 697 1502 in
719 1442 839 1504 Christo
863 1445 980 1508 filiabus
1007 1446 1143 1526 priorisse
1165 1447 1197 1503 ct
1218 1443 1379 1504 conventui

274 1523 450 1586 Monielium
472 1523 509 1583 de
529 1521 689 1584 Greneleld
712 1541 805 1584 unum
828 1544 949 1587 aureum
971 1530 1004 1590 in
1026 1527 1183 1588 medietate
1202 1524 1321 1584 ecclesie
1340 1524 1378 1582 de

274 1605 397 1682 Bacchy,
412 1621 469 1682 que
488 1603 630 1666 medietas
649 1603 687 1664 de
707 1623 805 1666 eorum
824 1607 1017 1670 edrocecions
1037 1613 1091 1681 est,
1105 1607 1224 1666 nominc
1243 1605 1379 1684 perpetui

273 1685 407 1748 Mnofloii
430 1685 553 1762 singulis
579 1685 665 1746 annis
690 1685 723 1745 in
750 1687 825 1748 festo
849 1688 879 1750 S.
906 1689 1060 1752 Michaelis
1082 1687 1303 1766 percipiendum
1325 1705 1379 1764 per

272 1785 376 1828 manns
402 1765 514 1827 Thome
546 1766 584 1827 de
609 1767 726 1828 Norton
759 1769 902 1848 capellani
933 1791 1054 1850 persone
1086 1769 1169 1830 illins
1202 1768 1320 1828 eoolemc
1346 1771 1378 1826 ct

271 1866 468 1910 successorum
491 1867 608 1909 snorum
630 1849 682 1927 qui
704 1850 742 1909 ed
763 1869 945 1913 communem
967 1851 1213 1933 presenteoionem
1234 1849 1378 1908 dictarum

271 1931 407 2009 priorisse
419 1932 450 1989 et
468 1930 638 1990 monialium
659 1934 689 1990 et
708 1931 881 1992 dilectorum
900 1935 933 1994 in
946 1935 1065 1997 Christo
1084 1931 1212 1992 filiorum
1230 1930 1335 2006 prioris
1347 1934 1378 1988 et

272 2016 433 2074 conventus
446 2009 484 2071 de
497 1999 642 2090 Msikeby
651 2011 684 2070 in
698 2017 760 2074 tots
773 2014 892 2075 ecclesia
904 2034 957 2095 pro
970 2022 1101 2094 tempore
1112 2013 1223 2073 fuerint
1235 2011 1375 2072 instituti.

273 2091 416 2154 Sslviain
429 2091 574 2167 omnibus,
589 2092 636 2154 &a
679 2093 720 2152 Et
739 2100 775 2155 ut
793 2095 848 2156 heo
866 2103 967 2158 nostra
980 2095 1135 2169 concessio,
1149 2095 1197 2156 bc
1239 2093 1377 2152 Testibua

272 2177 302 2236 et
316 2173 385 2236 Dst'
399 2177 434 2234 ut
446 2191 534 2252 cupre
546 2173 580 2234 in
592 2179 671 2235 carta
683 2173 806 2238 decima.

333 2331 555 2388 anvooaoto
567 2332 838 2388 ἫΙΙΜΝΘΕΗΑΜ.

332 2399 485 2461 Universis
500 2397 552 2458 &o
594 2397 694 2474 Quum
707 2401 756 2476 pia
769 2401 846 2460 fecte
853 2400 984 2462 fidelium
994 2401 1084 2480 digno
1094 2405 1165 2461 suut
1177 2396 1376 2477 prosequende

270 2480 378 2554 levore,
399 2479 550 2540 Noveritis
573 2479 652 2556 quod
675 2498 730 2540 nos
753 2479 942 2542 colluvionem
967 2482 1067 2543 dilecti
1090 2481 1145 2542 filii
1168 2480 1314 2540 lobannis
1338 2478 1375 2538 ds

270 2559 428 2622 Fontineto
452 2577 540 2638 quem
562 2577 649 2638 super
672 2561 864 2622 edvoceoione
886 2563 1005 2624 ecclesie
1029 2565 1066 2624 de
1079 2562 1291 2639 Willingehem
1306 2579 1375 2620 cum

270 2641 406 2702 omnibus
423 2640 611 2720 pertinenciis
625 2641 686 2700 suis
705 2641 738 2702 in
752 2641 808 2724 [fo.
825 2640 889 2784 27ἱ]
903 2663 1006 2722 puram
1022 2650 1052 2705 et
1066 2649 1234 2722 perpetuam
1247 2641 1376 2700 elemosi-

270 2741 338 2784 nsm
352 2721 454 2784 domui
466 2721 598 2800 religiose
611 2721 648 2782 de
661 2721 750 2783 Foeee
764 2728 846 2784 extre
884 2725 1044 2786 orkeseiem
1058 2726 1136 2800 fecit,
1150 2728 1180 2784 et
1193 2722 1375 2783 Monialibus

269 2804 379 2866 ibidem
396 2805 451 2866 deo
464 2803 657 2864 servientibus
670 2808 701 2864 et
713 2803 927 2882 imperpetuum
939 2807 1108 2884 regulariter
1116 2805 1275 2877 seruitutis,
1286 2821 1375 2880 quam

269 2884 360 2948 eciem
379 2885 526 2946 Robertns
545 2883 643 2946 Maria
663 2885 759 2946 senior
778 2892 808 2946 et
828 2892 895 2965 poet
914 2889 1035 2948 modum
1055 2888 1201 2948 Robertus
1217 2885 1296 2944 filius
1310 2885 1374 2961 ejus

270 2971 418 3046 temquem
435 2965 572 3046 ospitales
585 2965 698 3026 domini
710 2967 790 3027 leodi
802 2969 844 3028 eis
854 2969 1106 3038 confirmaverunt,
1116 2972 1210 3028 rutam
1219 2971 1249 3026 et
1262 2971 1374 3042 gratum

269 3047 544 3127 babemue,eamque
552 3047 628 3108 sicut
636 3048 933 3111 racionabiliterieote
941 3055 985 3112 est
993 3051 1207 3114 oisauotoritete
1215 3045 1373 3124 episcopali

269 3129 479 3192 confirmemus.
522 3129 808 3192 Salvlsinomnibus
819 3129 869 3192 &c
913 3131 1000 3208 Quod
1010 3137 1045 3192 ut
1057 3135 1226 3210 perpetuam
1240 3127 1372 3188 obtineat

269 3210 437 3273 firmitatem
460 3211 589 3290 presenti
611 3213 719 3290 scripto
740 3215 770 3272 et
794 3212 884 3290 sigilli
903 3213 996 3273 nostri
1022 3213 1206 3290 appositione
1232 3209 1373 3268 dommus

269 3291 470 3356 moerendum.
517 3293 586 3354 Hiie
612 3293 737 3354 testibus
763 3292 875 3371 Regem
902 3293 1030 3368 Deceno,
1059 3293 1171 3369 Rogero
1193 3289 1373 3352 cancellario

269 3372 360 3448 Lino',
374 3373 487 3436 Thomu
499 3373 536 3435 de
549 3373 713 3434 Fielrerton'
730 3379 759 3435 et
773 3375 885 3453 Rogero
899 3375 936 3436 ds
950 3374 1078 3435 Bristoll'
1097 3373 1254 3452 capellanie
1270 3369 1373 3431 cenon’

269 3453 359 3530 Line,
375 3455 523 3536 Megistrie
543 3453 592 3515 W.
608 3455 645 3516 de
661 3455 753 3530 Linc'‚
767 3455 875 3516 Theob'
889 3456 926 3516 de
946 3457 1054 3517 (lancia
1070 3461 1099 3516 et
1120 3454 1207 3515 Petro
1227 3453 1264 3512 de
1284 3451 1372 3512 Batb'

268 3535 368 3596 oenon'
383 3535 474 3611 Lino’,
490 3535 615 3598 Ricardo
629 3535 666 3596 de
680 3535 784 3610 Oxon’,
799 3537 950 3616 Stephano
970 3537 1007 3598 de
1021 3537 1139 3598 Oicestr'
1154 3541 1183 3595 et
1197 3535 1314 3596 Olivero
1335 3532 1372 3592 de

269 3615 405 3694 Cbesney
418 3617 537 3691 clericis,
552 3623 582 3678 et
595 3616 667 3678 aliie.
710 3617 779 3678 Dut'
792 3636 845 3695 per
863 3637 984 3680 menum
996 3618 1152 3679 Willielmi
1172 3617 1209 3676 de
1228 3614 1370 3674 Theraeo'

269 3696 389 3758 Arcbid'
411 3697 516 3774 Stowe,
538 3697 618 3777 epud
637 3697 755 3758 Lafford
774 3717 795 3760 v
812 3699 885 3760 Idus
900 3699 1051 3762 Februarii
1071 3698 1257 3778 pontificatus
1277 3695 1372 3756 nostri

268 3797 346 3840 anno
360 3779 415 3842 ix⁰.

330 3955 538 4011 osoruaoto
551 3940 658 4002 cicccc
671 3942 706 4002 de
719 3941 921 4018 Bilinytorpb.

330 4022 476 4084 Omnibus
502 4025 548 4084 bc.
592 4021 716 4083 Noverit
749 4023 923 4083 universitas
955 4029 1051 4084 vestre
1082 4023 1163 4101 quod
1188 4023 1312 4084 dilectus
1337 4021 1371 4080 in

270 4103 388 4166 Christo
407 4103 486 4164 filius
502 4103 643 4183 Magister
661 4103 840 4182 Reginaldus
860 4104 897 4164 de
918 4103 1007 4166 Cesti
1022 4103 1162 4166 Officialis
1181 4109 1280 4165 noster
1299 4103 1371 4162 dum

268 4203 395 4247 meamus
408 4185 441 4246 in
454 4185 585 4262 pertibus
605 4185 804 4246 transmarinis
823 4186 993 4246 auctoritate
1012 4187 1041 4246 ei
1060 4205 1077 4246 e
1096 4185 1181 4248 nobie
1195 4203 1328 4246 concessu
1341 4188 1370 4242 et

269 4267 421 4328 commisse
429 4267 584 4328 ordinandi
591 4271 621 4328 et
628 4267 823 4346 provisionem
830 4267 1167 4328 ieoiendiineooleeiede
1176 4264 1370 4346 Bilingburgh
