3246 5096
654 519 810 573 fluooms
833 519 957 573 wama.
1324 485 1364 568 35

750 665 813 750 [m.
832 668 906 743 112].

326 791 357 844 S.
388 789 598 854 ΜΙΟΗΑΕιΙε,
627 787 933 843 ΝΟΗΤΗΑΜΡΤΟΝ·.
979 773 1096 834 Vicaria
1121 775 1153 833 in
1181 775 1300 835 ecclesie
1331 776 1361 839 S.

266 857 420 916 Michaelis
450 856 675 932 Northampton’
703 873 760 932 que
788 859 832 914 est
862 855 1019 914 eorundem
1048 857 1218 915 auctoritate
1246 859 1363 918 concilii

267 939 398 998 ordinata
406 942 450 997 est
458 938 507 998 sic.
535 935 670 996 Vicarius
677 933 799 996 habebit
808 936 925 995 nomine
933 936 1038 996 vicarie
1048 933 1099 996 sue
1110 941 1202 996 totam
1212 939 1360 998 ecclesiam

265 1018 347 1078 illem
361 1018 507 1078 reddendo
520 1017 590 1078 inde
603 1018 691 1076 dictis
704 1015 854 1076 monachis
863 1017 1014 1078 annuatim
1024 1021 1149 1094 quatuor
1158 1037 1267 1078 mamas
1280 1025 1309 1080 et
1323 1021 1360 1080 de

266 1099 448 1160 sinodalibus
460 1103 578 1160 tautum
590 1098 799 1176 respondendo.

328 1275 491 1330 wznow
528 1260 646 1321 Vicaria
672 1261 705 1319 in
732 1259 851 1320 ecclesie
877 1259 914 1318 de
941 1259 1058 1320 Wedou
1085 1279 1142 1337 que
1173 1266 1216 1320 est
1250 1261 1364 1323 abbatis

267 1341 297 1402 S.
327 1341 450 1402 Luciaui
482 1342 634 1403 Beluacen’
662 1341 832 1401 auctoritate
866 1340 982 1400 concilii
1013 1340 1145 1401 ordinata
1173 1343 1307 1403 consistit
1329 1346 1362 1404 in

267 1422 387 1482 decimis
412 1424 565 1502 garbarum
588 1424 632 1482 xii
655 1423 831 1500 virgatamm
854 1426 884 1481 et
907 1421 1028 1482 dimidie
1050 1427 1080 1482 et
1106 1423 1140 1481 iu
1161 1425 1248 1483 tercia
1281 1430 1363 1502 parte

266 1504 358 1564 totius
384 1503 514 1582 altaregii
540 1504 669 1581 exceptis
702 1503 824 1563 minutis
858 1503 977 1562 decimis
1011 1503 1047 1563 de
1081 1505 1160 1564 curia
1187 1505 1299 1564 domini
1333 1511 1363 1566 et

267 1584 467 1644 oblacionibus
493 1586 531 1646 ed
556 1585 692 1662 reliquias
719 1583 837 1644 ecclesie
863 1583 900 1643 de
926 1583 1044 1644 Wedon
1069 1586 1308 1662 provenientibus
1335 1592 1364 1648 et

266 1671 387 1742 excepta
400 1665 519 1726 candela
531 1667 564 1726 in
577 1666 626 1726 die
637 1665 849 1745 purificacionis
862 1665 950 1724 Beate
971 1665 1071 1726 Maria
1115 1667 1155 1726 Et
1167 1667 1245 1728 valet
1257 1669 1364 1728 vicaria

268 1747 309 1806 sic
323 1747 455 1807 ordinata
467 1766 488 1808 v
501 1745 586 1808 merc'
599 1753 629 1808 et
642 1747 774 1824 emplius

617 1849 1010 1902 *manwumo2-“Pynkecey2’

331 1997 472 2052 εεεεΒΥ
485 1980 751 2066 [6αηοπίσωνπι*].
780 1982 898 2043 Vinaria
907 1984 939 2042 in
950 1982 1068 2044 ecclesia
1078 1983 1115 2044 de
1126 1983 1237 2063 Esseby
1249 2003 1307 2062 que
1320 1991 1366 2046 est

269 2066 372 2143 prioris
393 2070 424 2124 et
446 2072 607 2125 conventus
628 2065 737 2126 ibidem
758 2066 928 2124 auctoritate
952 2065 1068 2124 concilii
1092 2066 1223 2125 ordinata
1246 2071 1290 2126 est
1313 2067 1362 2126 sio.

269 2147 404 2206 Vicarius
417 2145 538 2206 habebit
550 2147 669 2207 nomine
682 2152 820 2224 perpetue
833 2145 939 2206 vicarie
962 2146 1022 2206 sibi
1035 2151 1064 2205 et
1078 2146 1199 2206 diacono
1213 2166 1265 2206 suo
1279 2167 1366 2224 quem

270 2227 423 2287 invenient
435 2229 593 2288 necessaria
605 2229 701 2288 victus
713 2229 745 2286 in
755 2227 883 2304 prioratu
894 2245 960 2286 cum
970 2227 1070 2286 debito
1079 2228 1229 2288 honestate
1239 2234 1271 2288 et
1279 2249 1365 2290 xxxa.

269 2327 382 2368 annuos
394 2327 447 2387 pro
460 2309 633 2386 stipendiis:
651 2308 773 2368 habebit
787 2309 876 2368 eciam
892 2309 1052 2368 secundum
1071 2308 1199 2386 legatum
1216 2328 1308 2386 usque
1328 2311 1367 2370 ad

270 2389 331 2466 vjd.
360 2396 390 2449 et
416 2390 495 2467 quod
521 2390 598 2450 ultra
624 2389 725 2472 fuerit,
739 2390 796 2466 ipsi
817 2390 947 2449 canonici
967 2395 997 2450 et
1017 2391 1141 2450 vicarius
1161 2390 1365 2451 dimidiabunt.

271 2471 348 2530 Item
361 2470 482 2530 hebebit
494 2471 528 2530 in
540 2478 665 2548 quatuor
687 2470 897 2548 principalibus
921 2471 1003 2531 festis
1027 2472 1098 2530 anni
1118 2472 1281 2532 oblaciones
1301 2491 1368 2532 sues

270 2551 380 2612 scilicet
403 2551 451 2611 die
474 2553 566 2612 natali
578 2552 641 2630 iijd.
666 2557 697 2611 et
719 2556 841 2628 utroque
854 2552 976 2612 aliomm
989 2553 1128 2612 festorum
1141 2553 1181 2613 id.
1197 2558 1227 2612 et
1239 2558 1367 2631 preterea

270 2631 310 2692 id.
346 2651 413 2692 cum
436 2651 539 2710 eorpus
565 2634 653 2693 fuerit
680 2651 805 2710 presens.
849 2633 991 2694 Canonici
1022 2639 1121 2693 autem
1153 2634 1307 2694 inveniant
1340 2635 1367 2694 ei

270 2712 445 2791 palefridum
465 2715 503 2774 ad
523 2714 659 2774 mnodum
679 2714 717 2773 ad
736 2715 893 2792 capitulam
914 2719 943 2774 et
970 2715 1008 2775 ad
1031 2715 1160 2775 infirmos
1187 2735 1253 2774 cum
1279 2716 1369 2775 fuerit

270 2812 385 2854 necesse
398 2800 428 2855 et
442 2795 630 2856 sustinebunt
643 2796 741 2855 omnia
754 2814 841 2854 onera
853 2795 934 2854 illius
948 2796 1065 2856 ecclesie
1079 2796 1178 2856 debita
1191 2799 1221 2854 et
1231 2803 1368 2856 consueta

271 2880 301 2935 et
313 2876 434 2936 hebebit
446 2877 572 2937 vicarius
585 2895 719 2936 mansum
739 2883 821 2936 extra
833 2880 948 2954 portem
960 2879 1103 2954 prioratus
1116 2896 1203 2954 quem
1224 2876 1368 2936 Henricus

270 2955 349 3016 filine
358 2957 487 3018 Simonis
497 2958 593 3018 tenuit
603 2977 690 3035 quem
704 2958 837 3016 canonici
849 2959 877 3016 ei
889 2958 1051 3019 invenient

717 3060 925 3104 *heumann

334 3206 613 3262 ΒιΑκοιυΕειε,
652 3191 769 3254 Vicaria
788 3193 821 3252 in
841 3194 960 3254 ecclesia
979 3193 1016 3254 de
1036 3193 1219 3254 Blalroluesle
1243 3214 1300 3272 que
1323 3200 1368 3255 est

272 3273 536 3351 Hospitaleriorum
573 3271 743 3415 ffictulatur
763 3274 909 3335 ordinacio
929 3274 1018 3352 hujus
1051 3275 1157 3336 vicarie
1191 3276 1223 3335 in
1257 3275 1366 3336 Rutulo

271 3354 393 3414 Roberti
406 3355 553 3432 quondam
601 3355 608 3368 '
632 3355 706 3415 coln'
726 3355 854 3433 episcopi
873 3374 950 3416 enno
970 3355 1151 3434 episcopatus
1171 3357 1234 3433 ejus
1251 3357 1320 3434 viij⁰
1332 3357 1369 3417 de

271 3433 549 3532 institutionibua*]
716 3515 920 3558 'mmm

335 3661 584 3718 ΡΑτΕεΗυιιε
625 3647 742 3708 Vicetia
754 3649 787 3709 in
800 3649 918 3709 ecclesia
931 3649 968 3708 de
975 3648 1128 3710 Pateshull
1141 3668 1197 3726 que
1211 3654 1254 3710 eat
1267 3651 1370 3728 prioris

272 3733 302 3789 et
315 3729 517 3790 canonicorum
527 3730 564 3791 de
576 3729 770 3808 Dunestopell
779 3731 949 3791 auctoritate
962 3731 1079 3791 concilii
1092 3730 1224 3791 ordinate
1237 3732 1369 3792 consistit

271 3810 304 3869 in
317 3809 411 3886 tribus
424 3811 543 3887 virgatis
563 3815 638 3870 terre
657 3816 696 3871 etv
707 3830 807 3871 manso
826 3818 1007 3890 competente
1021 3817 1051 3872 et
1064 3813 1097 3871 in
1110 3811 1264 3872 medietate
1277 3813 1368 3872 totius

272 3890 409 3966 ultaragii.
451 3891 593 3952 Etsolvet
602 3892 727 3954 vicarius
736 3892 878 3954 sinodalia
886 3897 1004 3954 tantum
1013 3893 1091 3970 prior
1100 3899 1198 3953 autem
1207 3892 1368 3971 hospicium

271 3971 466 4032 archidiaconi
478 3973 651 4050 procurabit.

334 4147 537 4203 ΒῃΑκκειε
578 4133 695 4195 Viceria
707 4135 740 4195 in
753 4135 871 4195 ecclesie
884 4136 921 4194 de
934 4134 1072 4195 Brackele
1084 4154 1142 4213 que
1155 4140 1199 4195 est
1212 4136 1326 4196 abbatis
1340 4142 1370 4196 et

272 4221 432 4277 conventus
445 4215 593 4276 Leircestr'
607 4217 777 4277 auctoritate
797 4217 912 4276 concilii
932 4217 1064 4277 ordinata
1083 4217 1216 4277 consistit
1234 4217 1267 4276 in
1280 4219 1368 4278 tercie

271 4301 353 4374 parte
376 4296 487 4357 decime
509 4296 661 4374 garbarum
680 4297 718 4357 de
741 4296 872 4357 Brackel’
895 4297 981 4358 etde
1002 4297 1093 4358 Halso
1114 4299 1195 4358 etin
1214 4297 1370 4358 medietate

271 4378 474 4458 altaregiorum
484 4397 550 4438 oum
559 4397 660 4438 maneo
669 4379 777 4439 vicano
788 4379 940 4459 assignmc.
966 4379 1109 4440 Consistit
1117 4379 1369 4440 ariaminduabus
