3258 5096
636 487 793 542 nuaonls
815 487 941 540 WELLS.
1310 469 1350 534 95

308 649 515 708 ommacio
528 636 636 698 sacae
649 636 783 714 eosdem.

308 731 397 793 Salva
406 734 546 808 perpetua
555 729 772 808 vicanainqua
781 749 833 807 per
842 727 1036 807 provisionem
1046 731 1174 788 nostram
1185 729 1351 790 continetur

246 815 343 873 totum
362 811 532 888 cltaragium
555 811 685 888 ejusdam
708 811 825 870 ecclesia
849 813 879 868 at
903 809 960 868 due
983 809 1089 869 bovata
1108 814 1183 869 terre
1203 814 1233 868 et
1253 811 1350 870 totum

246 899 363 972 pratum
377 892 456 969 quod
476 892 602 969 pertinet
622 892 660 952 ad
680 893 802 952 candem
822 891 970 951 eeclesiam
991 895 1021 950 et
1041 889 1151 949 decima
1171 891 1262 950 totius
1276 896 1351 952 terra

248 995 305 1053 que
324 978 445 1033 vocatur
468 973 575 1034 Holm’.
619 973 669 1032 Ad
692 993 780 1051 quam
804 972 942 1032 vicariam
966 971 1043 1030 dicta
1069 971 1214 1050 Moniales
1240 991 1353 1051 semper

248 1056 386 1134 quociens
411 1055 475 1132 ipsa
500 1055 645 1115 vacaverit
672 1055 811 1113 idoneum
844 1053 1025 1130 capellanum
1061 1053 1195 1130 episcopo
1230 1052 1370 1114 diocesis

248 1135 458 1216 presentabant
467 1154 518 1215 par
529 1136 695 1213 episcopum
709 1134 845 1194 canonice
858 1133 1081 1194 instituendum.
1122 1132 1183 1208 Qui
1204 1138 1354 1211 tamquam

248 1217 373 1279 vicarius
392 1221 548 1294 perpetuus
571 1217 603 1276 in
631 1216 731 1276 eadem
755 1216 874 1276 ecclesia
897 1215 1076 1274 ministrabit
1099 1219 1129 1274 et
1149 1215 1247 1274 omnia
1267 1235 1354 1276 onera

248 1299 394 1358 ordinaria
406 1302 436 1357 ct
450 1301 586 1358 consueta
598 1298 765 1357 sustinebit.
807 1295 904 1357 Salvis
924 1297 1014 1356 eciam
1027 1297 1060 1354 in
1074 1296 1210 1356 omnibus
1224 1298 1271 1357 tc.
1314 1297 1354 1358 Et

249 1385 284 1439 ut
303 1379 357 1438 bec
370 1379 551 1439 confirmacio
565 1384 663 1438 nostra
676 1382 844 1456 perpetuam
866 1377 998 1436 obtineat
1010 1377 1177 1436 firmitatem
1190 1383 1353 1454 presentem

250 1466 358 1521 cartam
371 1459 467 1538 sigillo
480 1465 579 1519 uostm
594 1479 654 1520 una
672 1479 738 1519 cum
758 1459 854 1538 sigillo
869 1458 1000 1535 Capituli
1013 1458 1106 1516 nostri
1118 1457 1200 1519 Linc'
1215 1458 1354 1519 duximus

249 1540 449 1601 muniendum.
475 1541 544 1600 Hiis
552 1541 687 1600 Testibus
695 1541 731 1602 R.
743 1540 863 1600 Decano
871 1539 963 1612 Linc’,
974 1539 1010 1599 B.
1022 1539 1120 1612 Cane,
1132 1538 1167 1598 R.
1179 1539 1352 1614 subdecano,

250 1623 285 1683 R.
298 1621 389 1682 Leirc'
398 1625 428 1681 et
435 1622 464 1682 J.
476 1621 800 1696 Stowcarohldiaconis,
810 1620 845 1680 G.
857 1620 1052 1696 Scardeburg',
1063 1619 1101 1680 H.
1112 1620 1148 1680 de
1159 1619 1188 1680 S.
1198 1620 1352 1696 Eduardo,

250 1703 286 1764 R.
301 1703 338 1763 de
352 1703 469 1776 Holmo,
492 1703 527 1762 R.
552 1703 589 1762 de
611 1703 735 1776 Gracci,
758 1701 795 1762 P.
817 1701 854 1761 de
879 1701 1019 1778 Hungafl‚
1041 1702 1073 1760 P.
1097 1701 1134 1760 de
1155 1701 1251 1776 Batlr',
1265 1701 1299 1762 P.
1318 1703 1355 1762 de

250 1785 443 1856 Kevermunt‚
458 1784 603 1844 canonicis
613 1784 704 1857 Linc',
719 1787 749 1844 et
758 1783 859 1842 multia
869 1782 945 1842 aliie.
985 1783 1054 1842 Dat’
1068 1797 1233 1859 parmenus
1252 1782 1301 1842 W.
1318 1783 1355 1844 da

166 1907 172 1930 t
250 1865 389 1926 Thornac’
403 1864 598 1924 archidiaconi
617 1865 699 1926 Linc’
713 1864 792 1942 apud
805 1863 887 1924 Linc'
925 1864 970 1940 ''j0
989 1862 1047 1924 kal
1063 1863 1147 1940 Junij
1168 1863 1355 1942 pontificatus

251 1947 344 2007 nostri
357 1964 434 2006 anno
447 1945 568 2009 decimo.

312 2104 515 2232 &allisi-Ple.
559 2169 684 2231 Noverit
693 2169 868 2230 universitas
877 2171 974 2229 vestra
985 2186 1039 2227 nos
1050 2167 1087 2227 de
1097 2185 1240 2228 consensu
1250 2167 1357 2246 Rogati

251 2253 365 2313 Decani
391 2256 421 2312 at
447 2249 578 2328 Capituli
604 2251 697 2310 nostri
724 2250 806 2310 Linc'
833 2250 934 2310 divine
960 2250 1077 2326 pietatis
1102 2249 1215 2310 intuitu
1243 2251 1357 2311 dedisse

158 2331 160 2337 ’
252 2333 425 2394 concessisse
445 2337 475 2392 at
494 2333 622 2410 presenti
651 2336 729 2392 carta
753 2332 935 2392 confirmasse
959 2331 1073 2390 dilectis
1096 2331 1129 2389 in
1149 2331 1267 2392 Christo
1287 2331 1357 2392 filiis

253 2415 365 2475 Abbati
379 2418 409 2474 at
422 2413 591 2475 Conventui
604 2413 634 2474 S.
649 2413 765 2473 Ebrulfi
778 2413 926 2472 ecclesiam
946 2411 982 2472 de
995 2412 1128 2472 Merston
1141 2431 1208 2472 cum
1221 2414 1357 2473 omnibus

253 2495 439 2574 pertinenciis
453 2496 514 2554 suis
527 2497 559 2554 in
572 2496 704 2573 proprios
720 2513 790 2554 usus
808 2493 973 2560 habendam
993 2498 1023 2552 et
1042 2495 1256 2570 imperpetuum
1269 2495 1357 2572 possi·

254 2577 388 2638 dandam.
431 2575 518 2636 Salva
538 2577 645 2636 vicaria
664 2577 696 2634 in
722 2576 823 2635 cadam
846 2576 964 2635 ecclesia
987 2593 1038 2652 per
1061 2593 1115 2633 nos
1136 2575 1357 2652 assignataque

254 2658 388 2718 conantit
416 2658 448 2716 in
475 2658 612 2734 eltaragio
640 2656 771 2734 ejusdem
799 2656 916 2716 ecclesie
944 2661 973 2715 et
1000 2656 1175 2733 capellarum
1202 2656 1358 2734 adipeam

254 2739 466 2817 pertinencium
489 2744 519 2798 ct
544 2739 667 2798 minutis
691 2739 810 2798 decimis
836 2738 925 2797 totius
949 2737 1082 2814 parochia
1110 2742 1140 2796 et
1164 2742 1227 2797 tota
1247 2736 1358 2797 decima

243 2821 405 2898 parborum
425 2821 462 2880 dc
482 2819 732 2880 Wauerlraworth’
752 2819 791 2878 ad
810 2819 950 2896 prefatam
975 2819 1123 2877 ecclesiam
1151 2818 1188 2877 de
1216 2817 1358 2878 Merstcn'

254 2903 418 2979 pertinente
438 2906 468 2960 et
487 2920 547 2961 una
566 2902 678 2978 virgata
697 2905 771 2960 terre
791 2919 858 2958 cum
877 2918 978 2958 manso
998 2917 1054 2975 qua
1068 2899 1142 2960 Rob.
1158 2899 1195 2958 de
1209 2899 1358 2959 Aleinton'

254 2983 350 3042 tenuit
360 2988 391 3042 et
403 2983 436 3040 in
446 2981 566 3042 decimis
576 2982 728 3059 garbarum
739 2982 776 3040 de
786 2979 961 3040 Middelton'
972 2979 1011 3040 ad
1020 2979 1169 3040 ecclesiam
1179 2980 1215 3039 da
1225 2981 1358 3041 Merston

255 3062 469 3140 pertinentibus
482 3081 539 3138 quc
559 3063 658 3138 omnia
677 3061 705 3120 ei
724 3062 777 3138 qui
800 3080 852 3137 pro
875 3066 1005 3138 tempore
1029 3061 1154 3120 vicarius
1175 3061 1230 3120 erit
1249 3062 1282 3120 in
1295 3061 1359 3138 ipsa

255 3142 374 3202 ecclesia
388 3142 425 3201 de
438 3142 577 3201 Merston’
591 3142 783 3201 remanebunt
802 3142 921 3200 nomine
940 3145 1079 3219 perpetue
1092 3141 1198 3200 vicario
1210 3142 1358 3202 reddendo

255 3223 325 3283 inde
339 3223 491 3282 annuatim
512 3222 598 3281 dictis
618 3222 768 3282 monachia
790 3221 825 3280 de
840 3221 870 3282 S.
886 3221 1010 3281 Ebrulfo
1030 3222 1138 3298 viginti
1157 3222 1265 3282 solidos
1279 3227 1309 3282 ct
1322 3223 1359 3283 de

256 3303 466 3381 episcopalibus
476 3302 735 3363 consuetudinibus
743 3302 953 3380 respondendo.
976 3301 1008 3363 Si
1016 3307 1114 3362 autam
1123 3303 1271 3381 contingat
1280 3305 1359 3380 ipsos

256 3383 418 3445 Monachos
438 3385 517 3461 apud
537 3383 677 3444 Maraton'
697 3383 873 3461 inpropriis
893 3384 994 3443 usibus
1013 3384 1240 3443 instauramenta
1253 3383 1359 3444 habere

255 3465 314 3545 ipsi
334 3465 474 3525 Monachi
497 3485 515 3526 a
542 3465 721 3542 preataeione
741 3465 918 3525 decimarum
937 3465 1229 3525 instauramentorum
1242 3465 1359 3525 illorum

202 3614 206 3620 ¹
255 3552 341 3607 amnt
355 3547 507 3607 immunes
551 3545 712 3606 Debebunt
725 3549 823 3606 autem
843 3546 967 3625 predicti
979 3545 1081 3605 Abbas
1095 3551 1125 3605 et
1139 3546 1309 3606 Conventus
1323 3548 1359 3606 de

257 3628 287 3690 S.
299 3627 422 3687 Ebrulfo
435 3627 523 3688 nobis
536 3632 566 3686 et
580 3627 790 3687 successoribus
804 3627 912 3686 nostris
922 3627 960 3687 ad
970 3627 1091 3688 eandem
1101 3627 1238 3688 vicariam
1247 3647 1360 3706 semper

256 3709 481 3769 oum'vacavcrit
495 3709 677 3786 capellanum
690 3708 828 3769 idoneum
841 3713 1004 3786 prasentare
1018 3727 1069 3786 per
1081 3728 1135 3768 nos
1146 3714 1176 3768 et
1185 3727 1359 3769 successores

249 3795 370 3850 'nostros
382 3789 422 3850 ad
440 3809 539 3850 eorum
556 3791 802 3868 presentationem
822 3790 963 3850 vicarium
983 3791 1016 3848 in
1036 3790 1100 3866 ipsa
1113 3790 1231 3850 ccclesia
1243 3790 1360 3848 institu-

255 3871 372 3932 endum.
415 3871 511 3933 Salvis
524 3873 614 3930 eciam
627 3871 661 3930 in
681 3872 817 3930 omnibus
836 3870 888 3932 dcc.
915 3868 972 3944 ¹Et
985 3876 1019 3930 ut
1038 3871 1091 3931 hcc
1110 3871 1291 3930 confirmacio
1305 3871 1356 3931 dcc.

255 3953 383 4030 presenti
396 3954 503 4031 scripto
516 3952 646 4029 sigillum
664 3957 797 4012 nostrum
816 3971 876 4013 una
896 3971 963 4011 cum
983 3952 1078 4030 sigillo
1092 3951 1216 4029 predicti
1229 3951 1360 4028 Capituli

255 4032 348 4092 nostri
360 4033 442 4094 Linc'
457 4032 596 4093 duximus
613 4034 827 4110 apponendum.
873 4034 940 4092 Hiis
953 4034 1088 4094 Testibus
1104 4034 1216 4110 Rogero
1230 4033 1358 4107 Damno,

255 4113 292 4173 G.
308 4114 487 4188 Preoentore,
502 4115 614 4191 Rogare
633 4113 730 4188 (land,
745 4115 781 4174 R.
797 4114 971 4184 subdecano,
985 4115 1015 4176 J.
1031 4114 1230 4174 archidiacono
1244 4113 1358 4186 Bedcf',

255 4193 396 4272 Magistro
416 4194 467 4255 W.
482 4193 523 4254 ffl’
542 4196 568 4254 F
569 4195 682 4255 ulcenis
702 4201 732 4255 et
752 4196 816 4255 aliis
836 4196 922 4255 utin
943 4201 1021 4255 carta
1040 4195 1357 4272 proximapracedenti,

256 4277 385 4353 exceptis
408 4277 443 4336 R.
469 4275 561 4336 Leirc'
584 4281 614 4336 ct
636 4276 666 4336 J.
692 4276 791 4338 Stowe
814 4276 1030 4337 archidiaconis.
1073 4276 1142 4336 Dat’
1164 4295 1215 4355 per
1237 4295 1358 4337 manum

138 4423 142 4428 ,
254 4357 411 4434 Reginsldi
423 4358 581 4418 subdecani
594 4357 676 4418 Linc'
689 4359 723 4417 in
737 4357 874 4435 Capitulo
883 4358 966 4418 Line’
976 4357 1055 4436 apud
1067 4356 1150 4418 Linc'
1161 4363 1264 4436 quarto
1283 4358 1357 4418 Idus

255 4437 276 4496 J
277 4438 330 4517 clij
344 4440 531 4518 pontificatus
544 4439 636 4499 nostri
650 4458 727 4499 anno
740 4439 860 4500 decimo.
