3258 5096
642 515 799 570 nueonrs
820 513 946 567 wnnrs.
1271 589 1274 594 Ι
1307 501 1349 565 69

314 667 355 728 Et
378 665 529 726 sciendum
557 669 601 724 ast
624 665 704 742 quod
723 663 796 724 dicti
816 661 957 724 canonici
976 661 1073 722 nullas
1091 661 1217 724 decimas
1236 665 1352 726 solvent

253 749 370 810 ricarde
389 747 450 808 suia
470 745 507 806 de
526 745 713 806 nutrimentis
733 743 901 804 animalium
921 761 1038 803 suorum
1057 763 1152 823 neque
1171 744 1209 805 da
1228 745 1293 807 aliis
1312 745 1352 808 ad

252 829 332 908 ipsos
346 828 499 890 canonicos
512 827 726 905 pertinentibus
738 827 771 886 in
785 825 871 886 dictis
884 823 1036 904 parochiis.

313 1029 450 1084 ΒΙεΕΒΥ.
481 1011 586 1095 [Rosa
597 1013 629 1074 in
639 1009 762 1154 Roabq.
804 1011 921 1072 Vinaria
932 1011 966 1072 in
980 1011 1099 1072 ecclesia
1112 1013 1148 1072 de
1161 1012 1279 1091 Rissby,
1295 1035 1351 1093 qua

251 1102 295 1158 eat
309 1097 412 1174 prioris
426 1101 455 1155 et
468 1096 671 1156 canonicorum
685 1095 721 1154 de
762 1093 926 1167 hornholm,
940 1093 1111 1153 anctoritate
1124 1095 1239 1154 concilii
1251 1095 1293 1155 sio
1306 1101 1351 1157 est

251 1179 391 1239 ordinata
419 1174 1350 1254 Vicariushabebitnomineperpetuevicarietotumaltaragium

249 1265 345 1338 preter
358 1259 499 1318 decimam
512 1257 622 1336 proprii
635 1257 855 1318 instsmamenti
870 1256 1079 1318 canonicorum.
1116 1257 1247 1318 Habebit
1260 1259 1351 1320 eciam

251 1342 358 1401 toltum
372 1339 451 1418 quod
461 1340 539 1417 jacet
548 1340 636 1416 juxta
648 1338 757 1399 tortum
771 1337 915 1398 Helewiee
928 1337 1025 1411 vidue,
1040 1341 1070 1397 et
1083 1337 1225 1404 sinodalia
1238 1340 1351 1417 solvet3

250 1426 281 1482 et
293 1421 426 1484 canonici
437 1421 601 1500 hospicium
615 1420 809 1482 amhidiaconi
821 1418 1024 1498 procurabunt

283 1541 288 1574 l
431 1571 433 1577 ,

312 1619 570 1676 lenesmontem.
612 1606 730 1669 Vinaria
749 1605 782 1666 in
802 1605 920 1666 ecclesia
939 1605 976 1666 de
996 1604 1218 1684 Messingeham‚
1233 1626 1291 1685 que
1307 1613 1351 1670 est

250 1689 417 1763 eorundem,
445 1688 615 1750 anctoritate
642 1687 758 1748 concilii
784 1687 826 1747 sic
854 1691 898 1748 est
925 1685 1065 1746 ordinata
1118 1687 1260 1749 Consistit
1287 1690 1351 1767 ipsa

151 1803 155 1808 «
249 1771 357 1834 vicaria
376 1770 410 1829 in
429 1773 491 1829 toto
512 1769 649 1847 altaragio
663 1775 692 1830 et
710 1768 823 1829 duabus
843 1768 958 1830 mustis
977 1771 1051 1828 terre
1072 1787 1138 1829 cum
1157 1774 1219 1830 tota
1239 1771 1352 1832 decima

250 1852 405 1912 eanmdam
418 1850 598 1926 bovatarum,
613 1869 686 1929 quas
698 1850 771 1910 duaa
784 1850 904 1910 bovatas
918 1849 1024 1908 Matill’
1037 1851 1118 1910 Sonat
1131 1855 1162 1910 et
1171 1851 1351 1914 Willielmus

250 1933 356 1994 Guleta
369 1936 535 2006 tenuerunt,
550 1951 607 2010 que
627 1933 790 2010 appreciata
810 1935 880 1990 sunt
894 1930 932 1990 ad
944 1949 987 1990 xx
1001 1930 1108 1990 solidos
1116 1953 1126 2007 3
1146 1935 1176 1992 et
1188 1932 1221 1992 in
1235 1932 1351 1996 duobus

249 2015 334 2074 toitis
354 2031 411 2090 que
431 2012 520 2090 Hngo
547 2013 631 2090 Long
651 2018 681 2072 et
705 2011 884 2072 Willialmus
904 2010 1046 2072 Gursu'nt
1066 2017 1242 2089 tenuanmt3
1268 2019 1297 2074 et
1317 2016 1350 2075 in

248 2113 349 2156 manso
363 2093 415 2171 qui
425 2094 504 2171 jacet
523 2093 600 2154 inter
619 2093 780 2154 Robertum
801 2093 838 2152 de
857 2093 971 2153 Rowell
985 2092 1126 2154 decanum
1142 2097 1171 2153 et
1185 2094 1351 2158 Walterum

249 2175 333 2253 Poly.
375 2175 461 2236 Idem
473 2179 572 2234 autem
584 2175 709 2236 vicarius
722 2175 817 2235 solvet
826 2173 986 2249 sinodalia3
1006 2179 1036 2234 et
1046 2174 1176 2235 canonici
1186 2175 1350 2253 hospicium

250 2255 457 2318 Archidiaconi
470 2255 675 2333 procurabunt.
714 2255 820 2316 Postea
832 2260 932 2315 tamen
945 2259 1057 2315 mutata
1069 2256 1127 2316 luit
1140 2257 1286 2316 ordinacio
1298 2277 1351 2335 per

250 2337 446 2398 Willielmum
461 2337 497 2396 de
510 2337 615 2398 Guntia
628 2336 863 2398 archidiaconum
874 2336 979 2411 Stowe,
991 2337 1088 2415 quoad
1096 2357 1231 2397 mansum
1241 2339 1351 2399 scilicet

249 2419 329 2495 quod
343 2418 475 2478 consistit
488 2418 521 2476 in
535 2437 635 2478 manso
653 2419 769 2495 jacento
788 2418 866 2477 inter
883 2417 994 2478 toftum
1014 2417 1169 2478 Willielmi
1182 2419 1237 2478 filii
1250 2420 1350 2480 Ailina

250 2503 280 2558 et
288 2499 396 2558 toftum
401 2499 523 2558 Roberti
531 2498 723 2577 deAsckeby3
736 2498 913 2577 quiquidem
922 2499 1111 2580 mansus(e·a'c)
1121 2499 1180 2560 iuit
1188 2501 1350 2579 assignatus

250 2579 371 2658 Hugoni
383 2580 491 2640 vicario
504 2599 556 2657 per
575 2580 667 2640 dictos
688 2581 812 2658 priorem
832 2585 862 2639 et
880 2585 1056 2640 conventum
1070 2579 1106 2640 de
1118 2581 1300 2642 Thornholm
1313 2583 1351 2642 de

249 2680 393 2722 consensu
413 2661 543 2738 ejusdam
564 2662 708 2738 Hugonis,
723 2666 753 2722 st
765 2661 803 2722 ad
816 2661 974 2722 utilitatem
994 2681 1084 2734 suam,
1105 2667 1140 2722 ut
1160 2663 1275 2738 dicitur,
1297 2683 1350 2742 pro

249 2744 324 2803 tofto
338 2742 418 2820 qnod
427 2744 507 2820 jacet
519 2743 597 2803 inter
616 2743 725 2803 toftum
744 2742 867 2803 Roberfi
879 2742 917 2802 da
936 2742 1048 2802 Rowell
1061 2748 1091 2803 st
1103 2743 1212 2803 toftum
1225 2744 1350 2804 Walteri

249 2823 325 2902 Poly
339 2825 483 2902 assignato
503 2823 597 2884 eidem
617 2824 724 2884 vicario
743 2825 825 2902 prius
844 2843 895 2902 per
909 2823 1069 2902 predictam
1082 2825 1305 2900 ordinacionem,
1319 2830 1349 2887 et

249 2923 303 2982 pro
322 2906 380 2966 isto
400 2923 501 2964 manso
521 2905 564 2966 aio
583 2909 781 2983 compmutato
801 2905 895 2972 soluat
914 2905 1039 2966 vicarius
1052 2924 1105 2984 per
1119 2925 1229 2967 annum
1248 2904 1348 2985 xviijd.

250 2985 338 3046 dictis
351 2985 441 3064 priori
455 2991 484 3046 at
498 2987 663 3047 conventui
1116 3007 1118 3010 ·

246 3150 248 3154 ⁵
309 3185 484 3240 ΑΡΡΕιΒγ,
526 3145 688 3233 Vicariain
701 3171 820 3232 ecclesia
837 3171 874 3232 de
894 3171 1041 3249 Appelby,
1055 3191 1112 3250 que
1125 3177 1169 3234 est
1182 3173 1348 3251 eorundem,

249 3252 418 3313 auctoritate
446 3252 561 3312 concilii
587 3254 629 3313 sic
656 3258 699 3313 est
726 3253 866 3313 ordinata
923 3253 1058 3314 Vicarius
1084 3255 1205 3316 habebit
1230 3257 1349 3318 nomine

248 3339 387 3413 perpetue
412 3333 519 3394 rimrie
545 3339 641 3394 totum
673 3334 844 3412 altaregium
873 3337 969 3411 preter
995 3352 1084 3395 unam
1110 3355 1235 3398 mmcam
1262 3337 1348 3398 dictis

249 3415 405 3476 Canonicis
413 3415 449 3474 da
458 3415 558 3476 eodem
569 3415 848 3492 altaragiointeroia
857 3415 992 3492 porcione
1002 3417 1204 3494 assignandam
1214 3423 1243 3478 et
1253 3425 1349 3496 prater
1446 3467 1450 3475 .

249 3495 391 3557 decimam
414 3496 524 3574 proprii
543 3496 764 3557 instauramenti
785 3495 1016 3557 Canonicorum:
1040 3503 1069 3556 et
1081 3497 1202 3560 habebit
1214 3519 1348 3560 mansum

249 3582 415 3657 competens
429 3582 458 3637 et
471 3597 561 3637 unam
580 3597 675 3638 acram
694 3577 821 3638 terrain
840 3597 900 3638 uuo
920 3597 1021 3656 campo
1035 3583 1065 3638 et
1077 3579 1163 3640 eham
1176 3581 1209 3640 in
1222 3581 1279 3641 alio
1288 3602 1299 3657 3
1318 3586 1348 3643 et
1397 3627 1398 3630 ,

248 3659 342 3720 solvet
350 3657 498 3720 sinodalia
528 3658 669 3720 Canonici
678 3677 747 3720 varo
756 3659 952 3739 procurabunt
961 3659 1346 3740 hospiciumArohidiaooni.

308 3859 444 3915 νρτοΝ,
472 3844 588 3906 Vinaria
606 3846 640 3906 in
659 3845 778 3908 ecclesia
796 3847 834 3907 de
853 3844 966 3925 thon,
987 3857 1044 3925 que
1062 3853 1107 3908 est
1119 3849 1289 3910 monialium
1309 3849 1346 3909 de
1384 3915 1386 3920 A
1457 3851 1469 3924 ,’

248 3926 407 4006 Haninges‚
421 3927 591 3988 auctoritate
615 3928 730 3988 concilii
753 3927 794 3988 sic
817 3932 862 3989 est
885 3929 1025 3990 ordinata
1067 3929 1202 3990 Vicarius
1224 3930 1346 3991 habebit

246 4007 364 4068 nomine
377 4013 515 4086 perpetue
534 4009 640 4069 vicano
660 4013 756 4070 totum
775 4009 945 4088 altaragium
965 4029 1032 4070 oum
1044 4029 1145 4072 manac
1159 4011 1345 4089 competenti,

246 4088 386 4148 solvendo
412 4089 482 4149 inde
509 4089 596 4150 dietis
622 4089 798 4150 monialibus
821 4110 864 4152 xx
887 4091 995 4152 solidos
1018 4111 1139 4167 annuos,
1165 4098 1195 4153 at
1217 4098 1346 4170 preterea

118 4226 121 4233 ,
247 4169 386 4230 solvendo
405 4169 555 4232 sinodalia
598 4171 742 4233 Moniales
760 4190 830 4233 vero
850 4174 1045 4250 procurabunt
1061 4173 1225 4252 hospicium
1244 4173 1345 4234 Archi·

246 4249 368 4312 diaconi.
