3258 5096
628 531 786 585 sonorus
807 531 932 585 vnum
1299 516 1340 580 65

238 679 414 740 decimarum
427 683 489 740 tem
502 679 642 756 majorum
656 699 744 758 quem
757 677 902 740 minorum
916 679 1064 740 ecclesiam
1077 677 1114 740 de
1129 679 1250 740 Wiham
1273 699 1341 742 eon·

238 761 418 838 tingencium
432 780 499 820 cum
512 765 573 821 toto
588 760 692 840 cinagio
706 761 835 838 exceptis
854 760 974 820 decimis
1002 760 1040 820 de
1063 765 1187 837 quatuor
1207 761 1339 837 culturis,

237 843 376 904 videlicet
395 842 432 903 de
451 843 510 902 Die
530 841 693 920 Hanveng,
719 841 907 920 Scoritvang,
927 839 1148 914 Huntbevabli,
1164 861 1201 902 ex
1214 848 1339 920 utraque

237 929 320 1002 parte
339 924 387 983 vie
400 943 456 1001 que
472 923 568 983 tendit
582 923 618 982 de
633 922 723 984 Lund
734 941 826 1000 usque
845 921 999 982 Edenham
1018 927 1048 982 et
1068 923 1197 1000 exceptis
1217 922 1338 984 decimis

238 1005 370 1064 omnium
389 1009 528 1064 terrarum
548 999 585 1064 de
605 1003 757 1064 dominicis
776 1004 860 1063 terris
880 1003 1083 1063 canonicorum
1108 1002 1144 1062 de
1172 1003 1342 1066 Bridlinton

238 1105 311 1165 quas
323 1086 434 1146 babent
446 1087 480 1146 in
492 1084 642 1163 parrochia
661 1085 698 1144 de
712 1084 834 1145 Wihem
854 1084 890 1144 de
904 1085 1011 1162 quibus
1024 1083 1149 1144 vicarius
1162 1083 1199 1143 de
1212 1085 1336 1146 Wihem

238 1167 332 1227 nichil
352 1167 499 1246 percipiet
552 1166 684 1226 Habebit
706 1167 797 1227 eciam
819 1165 944 1225 vicarius
967 1183 1101 1226 mensum
1125 1169 1337 1242 competentem

238 1248 404 1308 edificatum
418 1253 447 1308 et
460 1248 568 1308 toftum
582 1246 676 1308 eidem
689 1267 790 1308 manso
803 1245 984 1323 adjacentem
997 1255 1027 1307 et
1040 1247 1205 1306 communia
1217 1253 1335 1324 pastore

238 1329 310 1389 ville
333 1328 370 1388 de
390 1329 530 1391 Wiham:
561 1334 590 1389 et
611 1329 768 1388 sustinebit
789 1329 886 1388 omnia
910 1347 997 1388 onera
1017 1327 1190 1406 episcopalia
1204 1335 1232 1390 et
1247 1329 1338 1390 archi-

239 1407 408 1490 diaconam,
433 1415 463 1470 et
485 1409 572 1470 faciet
586 1409 724 1470 deserviri
736 1410 769 1469 in
784 1408 895 1486 capelle
913 1408 951 1468 de
964 1409 1053 1469 Lnnd
1066 1409 1220 1470 dominicis
1234 1409 1339 1470 diebus

239 1495 356 1586 tentum
368 1509 540 1568 perannum
551 1512 559 1552 ι
578 1496 608 1552 et
620 1491 700 1552 valet
712 1491 810 1551 totalis
824 1490 943 1552 ecclesie
955 1491 1077 1568 xxiiij0f.
1089 1489 1175 1550 marc'
1189 1495 1220 1552 et
1233 1492 1343 1553 vicaria

240 1591 296 1633 viu
308 1571 403 1633 merc’.

301 1772 508 1828 εΡΑιοΥΝο,
550 1757 665 1820 Vicaria
685 1757 718 1818 in
737 1757 856 1818 ecclesie
876 1756 913 1817 de
934 1756 1084 1836 Spalding,
1099 1777 1156 1836 que
1177 1762 1220 1818 est
1240 1759 1344 1837 prioris

241 1844 271 1900 et
280 1839 487 1899 monachorum
497 1839 616 1914 ibidem,
627 1843 696 1900 ante
706 1839 861 1899 concilium
871 1839 1048 1898 Lateranum
1058 1839 1197 1913 ordinata,
1211 1841 1345 1900 censistit

241 1921 273 1979 in
287 1919 470 1979 exhibicione
483 1921 625 1997 capellani
644 1921 697 1999 qui
717 1921 844 1998 accipere
863 1920 951 1980 debet
970 1938 1076 1997 penem
1096 1921 1295 1981 monachalem
1309 1926 1339 1981 et

241 2001 391 2061 cervisiam
418 2019 485 2060 cum
510 2001 637 2077 generali
658 2001 692 2080 (l)
720 2001 757 2062 de
784 2001 909 2077 coquina
935 2004 965 2060 et
992 2001 1030 2060 ad
1057 2001 1232 2078 palefridum
1258 2021 1345 2062 suum

241 2081 399 2141 necessaria
411 2081 445 2140 in
458 2101 550 2140 evena
570 2087 600 2141 et
612 2082 748 2158 foragine.
792 2081 935 2142 Consistit
948 2082 1038 2142 eciem
1051 2084 1084 2142 in
1098 2081 1341 2143 decimacionibus

181 2224 184 2241 ‚
242 2162 435 2240 operariorum
449 2167 478 2222 et
491 2163 623 2224 omnium
642 2167 831 2223 mercatorum
852 2163 922 2222 ville
943 2163 980 2222 de
1000 2163 1143 2241 Spalding
1160 2183 1226 2223 cum
1241 2163 1343 2242 legatis

242 2243 390 2320 capellano
417 2243 525 2303 debitis
552 2249 582 2304 et
608 2243 829 2304 visitationibus
859 2243 1040 2304 infirmorum
1067 2249 1097 2304 et
1124 2263 1191 2304 cum
1218 2245 1344 2304 denariis

242 2323 407 2384 missalibus
431 2328 461 2384 et
484 2325 610 2384 denariis
636 2343 703 2384 oum
728 2343 804 2402 pane
830 2325 983 2385 benedicto
1009 2325 1115 2386 oblatis
1138 2331 1169 2386 et
1192 2327 1281 2386 caeeis
1305 2326 1344 2386 ed

242 2404 451 2482 penthecosten
471 2409 500 2465 et
519 2406 635 2482 gallinis
655 2406 693 2466 ad
712 2405 808 2466 natale
831 2407 950 2466 ecclesie
969 2406 1006 2468 de
1026 2405 1126 2485 Speld’
1146 2406 1272 2468 debitia*
1302 2406 1343 2468 Et

242 2487 321 2548 valet
333 2486 397 2565 ipsa
410 2486 518 2548 vicaria
531 2488 661 2566 quinque
673 2487 758 2547 marc'
774 2491 804 2548 et
817 2488 949 2565 amplius

304 2689 457 2745 κΑΒυΒΝ
480 2671 650 2758 [Calorem]
674 2675 792 2737 Vicaria
814 2675 847 2735 in
870 2675 990 2736 ccclesia
1014 2673 1051 2734 de
1075 2673 1208 2734 Kebum’
1222 2695 1279 2754 que
1300 2681 1345 2736 est

242 2756 357 2818 abbatis
390 2762 420 2817 et
454 2763 615 2818 conventus
648 2756 685 2817 de
719 2757 882 2834 Grimeeby,
917 2775 968 2834 per
1001 2755 1154 2816 dominum
1187 2755 1344 2836 Hugonem

242 2839 401 2900 secundum
421 2839 458 2899 de
478 2857 621 2900 consensu
641 2839 761 2916 capituli
780 2839 827 2898 sui
846 2837 978 2897 Lincoln'
994 2837 1134 2911 ordinate,
1157 2839 1291 2898 consistit
1310 2839 1343 2898 in

166 2977 181 2994 J
242 2924 305 2979 tcto
319 2920 456 2998 alteregio
470 2925 500 2980 et
512 2921 635 2980 minutis
648 2919 768 2979 decimis
787 2919 826 2978 ad
845 2919 938 2996 ipsam
959 2918 1107 2978 ecclesiam
1127 2919 1342 2995 pertinentibus

243 3019 310 3060 cum
323 3019 424 3060 manso
437 3006 620 3078 competente
633 3004 663 3060 et
675 3001 709 3060 in
721 3001 816 3060 tribus
836 3001 951 3060 bovatis
968 3004 1043 3058 terre
1056 3004 1085 3059 et
1099 2998 1221 3058 dimidie
1235 3019 1272 3060 ex
1285 3019 1345 3061 una

241 3085 324 3158 parte
337 3080 408 3140 ville
422 3086 451 3140 et
464 3082 559 3142 tribue
578 3082 693 3142 hovatis
707 3087 737 3142 et
750 3081 872 3140 dimidia
886 3100 923 3140 ex
939 3080 997 3141 alie
1016 3099 1082 3140 oum
1097 3080 1232 3139 omnibus
1247 3101 1345 3142 earum

218 3160 431 3238 pertinenciis
458 3162 557 3222 liberie
584 3161 622 3222 ab
649 3163 730 3220 omni
749 3162 870 3222 seculari
896 3163 1046 3222 exactione
1068 3165 1097 3220 et
1123 3181 1141 3220 a
1166 3163 1344 3239 prestacione

243 3241 419 3301 decimarum
432 3243 546 3318 qnietis
590 3242 674 3302 Dioti
693 3247 790 3302 antem
810 3242 900 3301 abbas
920 3246 950 3301 et
969 3245 1131 3302 conventus
1147 3243 1245 3302 omnia
1258 3262 1345 3303 onera

242 3323 324 3384 illius
337 3322 455 3384 ecclesie
467 3327 563 3403 preter
575 3342 650 3384 onus
662 3323 825 3400 parochiale
838 3327 978 3402 perpetuo
992 3323 1185 3383 sustinebunt.

229 3497 233 3516 '
303 3524 580 3581 ενιιιιιιΑΜετεο
595 3507 789 3592 [satanam.
818 3509 974 3570 creante
999 3510 1106 3570 viora
1125 3509 1162 3570 de
1183 3509 1345 3572 swinhem-

242 3589 1344 3670 sted,u1nm0faotavieedominiHngonisseaundiperss.Aahiffiaoonum

243 3672 376 3733 Lincoln'
389 3675 426 3732 de
448 3693 567 3733 assensu
589 3674 694 3751 prioris
717 3677 747 3734 et
771 3679 932 3734 conventus
955 3673 991 3734 de
1015 3674 1098 3733 Drax
1120 3678 1150 3733 et
1170 3673 1293 3733 Roberti
1307 3674 1344 3734 de

242 3753 331 3813 Ridal
343 3759 415 3814 tunc
434 3755 544 3828 vicarii,
565 3755 699 3814 consistit
718 3755 751 3814 in
770 3758 833 3814 toto
854 3755 991 3832 altaragio
1011 3755 1092 3814 illius
1108 3754 1225 3814 ecclesie
1239 3759 1268 3814 et
1281 3759 1344 3815 teta

241 3839 317 3895 terra
329 3837 492 3912 pertinente
512 3835 550 3895 ad
570 3837 716 3896 ecclesiam
738 3852 805 3896 cum
825 3837 954 3913 ejusdem
974 3842 1048 3896 terre
1067 3835 1255 3912 pertinenciis
1268 3840 1298 3894 et
1309 3837 1343 3896 in

241 3917 397 3977 medietate
410 3918 479 3976 tosti
492 3917 608 3977 ecclesie
622 3922 651 3977 et
664 3919 696 3976 in
709 3917 827 3978 redditu
841 3917 964 3977 duorum
978 3917 1137 3978 solidorum
1147 3921 1176 3976 et
1187 3917 1219 3976 in
1231 3916 1343 3977 decima

242 3997 352 4057 decime
366 3997 432 4078 (sic)
447 3999 578 4058 omnium
591 3999 750 4076 garbarum.
794 3998 935 4060 Canonici
947 3999 1053 4077 prefati
1070 3998 1234 4075 percipient
1246 4003 1342 4058 totum

240 4078 389 4138 residuum
397 4081 514 4140 ecclesie
522 4081 639 4140 nomine
647 4079 928 4158 perpetuibenefieii,
938 4086 967 4141 et
974 4078 1341 4158 procurabunthospicium

240 4159 442 4220 archidiaconi.
484 4161 619 4220 Vicarius
637 4161 825 4238 respondebit
844 4161 880 4222 ds
900 4161 1097 4240 synodalibus.
1140 4159 1229 4220 Valet
1244 4165 1341 4220 autem

241 4245 303 4302 tota
316 4242 434 4303 ecclesia
447 4263 488 4303 xv
501 4243 593 4317 marc’,
609 4242 716 4302 vicaria
729 4263 744 4302 c
758 4243 817 4303 sol’.

775 4402 797 4456 Ε
