3258 5096
635 467 792 520 sonorus
813 466 936 579 vanus.
1310 447 1352 514 87

250 619 279 675 et
293 613 469 676 instituendi
481 614 622 676 vicarium
634 619 807 693 perpetuum
820 614 853 675 in
871 584 972 754 aad?
985 612 1073 672 talem
1086 612 1120 672 in
1132 631 1166 672 ea
1178 611 1242 672 vice
1255 617 1354 677 nostra

249 696 319 756 fecit
332 697 548 758 ordinacionem
561 701 591 756 et
604 697 809 774 provisionem,
824 695 916 756 videli
947 699 960 754 t
978 693 1057 771 quod
1071 693 1194 754 vicarius
1208 693 1240 752 in
1254 694 1354 753 eadem

249 777 369 838 ecclesia
381 783 521 856 perpetuo
535 777 751 838 ministraturus
764 777 816 854 qui
829 793 927 837 curam
940 773 1060 834 habebit
1073 775 1235 834 animarum
1247 774 1353 835 haheat

249 863 346 918 totum
359 860 530 938 altaragium
542 863 573 919 et
587 863 680 919 totam
694 864 799 919 terrm
812 857 850 917 ad
865 854 987 916 eandem
1000 854 1148 914 ecclesiam
1158 856 1353 932 pertinentem

249 958 317 1000 curn
336 941 471 1000 domibus
491 945 521 1001 et
542 939 607 1000 aliis
626 939 813 1017 pertinenciis
833 937 969 998 omnibus
989 939 1019 995 et
1038 935 1223 996 libertatibus
1243 938 1303 996 suis
1319 939 1352 996 in

248 1021 339 1098 pratis
352 1022 466 1098 pascuis
478 1021 605 1099 pasturis
618 1025 648 1080 et
662 1021 799 1080 turbariis
808 1020 861 1097 qui
874 1017 1062 1078 residentiam
1075 1017 1107 1076 in
1121 1015 1221 1080 eadem
1234 1017 1352 1078 ecclesia

248 1097 1176 1182 facietetinpropriapersonainofficiosacerdotaliministrabit.
1206 1099 1350 1160 Moniales

248 1201 317 1242 vero
330 1183 434 1244 domus
447 1185 484 1244 do
498 1182 734 1260 semplingeham
754 1183 866 1260 integre
886 1179 1046 1258 percipient
1059 1178 1185 1238 decimas
1198 1179 1349 1256 garbarum

248 1263 378 1340 ejusdem
388 1265 523 1342 parochie
533 1270 563 1324 et
574 1263 716 1324 sinodalia
725 1264 841 1325 solvent
852 1261 1016 1339 hospicium
1026 1259 1227 1320 Archdiacono
1241 1260 1350 1322 facient

247 1349 285 1410 et¹
297 1346 395 1406 omnia
413 1346 471 1406 alia
491 1365 577 1406 onera
604 1345 735 1422 ejirsdem
753 1343 872 1404 ecclesie
899 1342 1095 1403 sustinebunt.
1138 1341 1233 1402 Juxta
1260 1361 1349 1419 quam

248 1426 443 1502 provisionem
469 1426 549 1488 idem
576 1425 716 1486 Officialis
738 1429 837 1485 noster
859 1423 897 1484 ad
923 1423 1168 1500 presentationem
1189 1423 1224 1482 G.
1246 1423 1350 1500 prioris

249 1507 360 1566 ordinis
387 1507 424 1566 de
451 1508 687 1587 semplingeham
707 1511 737 1566 et
757 1506 887 1584 ejusdcm
906 1505 964 1564 loci
985 1509 1145 1564 conventus
1170 1503 1277 1564 factam
1299 1523 1350 1582 per

249 1587 426 1648 Nicholaum
449 1590 620 1650 canonicum
644 1588 773 1666 ejusdem
798 1587 900 1646 domus
924 1583 1039 1645 adhoc
1062 1589 1275 1662 procuratorem
1289 1584 1350 1648 des·

249 1669 377 1730 tinctum
386 1671 424 1730 ad
433 1671 570 1731 vicariam
577 1670 807 1748 prenominatam
815 1668 977 1728 Robortum
985 1666 1021 1725 de
1031 1667 1157 1744 Ouneby
1167 1666 1349 1742 capellanum

249 1749 369 1811 admisit
381 1756 411 1810 et
424 1751 522 1829 ipsum
534 1753 568 1811 in
580 1751 680 1811 eadem
692 1751 833 1811 vicarium
853 1753 1026 1826 perpetuum
1037 1748 1169 1808 instituit
1182 1747 1350 1826 dictumque

249 1831 367 1892 fratrem
393 1832 425 1892 N
425 1833 571 1892 icholaum
597 1837 747 1910 tamquam
773 1830 900 1908 predicte
935 1829 1039 1889 domus
1073 1834 1285 1906 procuratorem
1312 1829 1350 1888 ad

249 1913 415 1990 porcionem
429 1932 486 1991 que
500 1913 593 1974 dictas
606 1913 752 1973 Moniales
764 1916 799 1972 ut
811 1911 975 1989 predictum
995 1914 1039 1969 est
1059 1910 1203 1986 contingit
1223 1909 1347 1970 admisit·

250 1993 283 2054 N
282 2013 314 2052 os
327 1994 415 2070 igitur
428 1995 589 2072 predictam
598 1995 794 2072 provisionem
807 1996 838 2052 et
847 1991 1061 2052 ordinacionem
1073 1992 1106 2050 in
1119 1991 1218 2050 eadem
1232 1990 1351 2050 ecclesia

250 2074 287 2134 de
300 2075 475 2152 Bilingburg
488 2095 505 2136 a
517 2077 648 2154 predicto
662 2074 788 2135 Officiali
806 2077 906 2133 nostro
926 2073 1034 2132 factam
1053 2077 1145 2132 ratam
1165 2072 1306 2132 habentes
1320 2077 1349 2132 et

250 2160 361 2232 gratam
374 2176 438 2216 eam
451 2158 622 2217 auctoritato
634 2155 791 2234 episcopali
801 2155 1010 2215 confirmamus.
1053 2152 1151 2214 Salvis
1164 2153 1197 2212 in
1211 2152 1349 2213 omnibus

251 2235 303 2296 dre.
346 2237 414 2298 Hiis
425 2237 560 2299 Testibus
570 2238 681 2298 Thema
693 2238 731 2297 de
740 2235 903 2296 Fisherton'
913 2235 1069 2312 capellano,
1080 2234 1169 2294 Petro
1179 2234 1215 2294 de
1226 2233 1351 2294 Bathon’

252 2316 352 2378 cenon'
379 2318 470 2392 Linc',
497 2319 647 2398 Magistris
673 2318 723 2378 W.
751 2318 788 2377 de
814 2316 898 2377 Linc'
921 2316 954 2376 Τ.
980 2317 1017 2376 de
1040 2316 1147 2377 (lautia
1173 2319 1203 2376 et
1227 2316 1290 2376 Ric.
1314 2316 1351 2374 de

251 2397 418 2477 Tinghurst,
435 2400 553 2460 Olivero
566 2401 603 2460 de
616 2399 759 2476 Ohedney
769 2397 835 2478 (eie)
850 2403 879 2458 et
894 2397 1042 2475 Stephano
1057 2397 1093 2456 de
1108 2397 1176 2458 Cic'.
1219 2395 1289 2456 Dat'
1299 2416 1351 2474 per

251 2498 354 2540 manus
374 2480 422 2541 W.
446 2481 483 2542 de
502 2480 621 2542 Tornac'
640 2480 847 2541 Archidiaconi
867 2479 964 2541 Stoura
986 2478 1064 2557 apud
1084 2477 1209 2538 Lafford’
1230 2498 1271 2540 xv
1291 2477 1348 2538 kal.

251 2561 354 2641 Marcij
369 2563 662 2644 pontificatusnostri
674 2563 818 2624 anuoix0.
1308 2609 1315 2624 s

313 2737 519 2794 ΘΒΒΙΝΑοΙο
532 2725 565 2784 ia
577 2743 595 2784 o
604 2725 740 2800 partitae
753 2724 864 2785 cataste
876 2723 911 2784 dc
923 2721 1056 2783 Amewio.

313 2806 458 2866 Omnibus
485 2805 536 2866 dcc.
579 2806 703 2867 Noverit
736 2805 910 2866 universitas
942 2809 1040 2864 vostra
1065 2802 1144 2880 quod
1170 2802 1293 2863 dilectus
1319 2804 1353 2862 in

253 2885 371 2948 Christo
390 2887 469 2947 filius
489 2886 629 2964 Magister
641 2887 820 2965 Reginaldus
840 2885 877 2946 de
897 2884 988 2946 Gesta
1005 2884 1144 2945 Officialis
1163 2889 1262 2944 nostor
1282 2883 1353 2944 dum

254 2982 380 3028 essemus
393 2967 426 3026 in
445 2969 577 3044 partibus
597 2968 797 3028 transmarinis
817 2967 987 3027 auctoritate
1000 2967 1026 3024 ei
1040 2984 1058 3024 a
1077 2966 1164 3025 nobis
1177 2983 1310 3026 concessa
1324 2970 1354 3026 et

254 3048 405 3107 commissa
419 3048 575 3109 ordinandi
593 3054 623 3108 et
643 3049 838 3126 provisionem
858 3047 986 3107 faciendi
1004 3047 1038 3106 in
1050 3065 1071 3106 v
1084 3045 1216 3124 partibus
1235 3047 1354 3107 ecclesie

255 3128 292 3188 de
311 3129 442 3188 Amewic
466 3135 496 3188 et
519 3128 695 3189 instituendi
716 3129 858 3190 vicarium
880 3132 1053 3206 perpetuum
1076 3127 1109 3186 in
1133 3127 1249 3201 eisdem,
1273 3127 1354 3187 salva

255 3209 383 3269 Roberto
393 3208 421 3268 le
429 3208 542 3286 Simple
551 3210 652 3270 clerico
661 3214 743 3270 sexta
752 3215 833 3288 parts
842 3209 923 3268 illius
933 3209 1050 3268 ecclesie
1059 3225 1147 3284 quam
1157 3208 1253 3282 habet,
1265 3209 1354 3267 talem

254 3291 319 3351 vice
332 3293 432 3350 nostre
443 3290 513 3350 fecit
527 3291 721 3368 provisionem
731 3297 760 3352 et
771 3290 986 3350 ordinacionem
995 3287 1132 3349 videlicet
1141 3289 1221 3365 quod
1231 3289 1355 3348 vicarius

255 3375 412 3449 perpetuus
424 3371 538 3432 racione
550 3371 680 3450 predicte
691 3371 836 3449 porcionis
849 3370 882 3431 in
895 3370 996 3430 eadem
1009 3369 1127 3429 ecclesia
1140 3371 1355 3430 ministraturus

255 3452 376 3512 habebit
395 3457 492 3512 totum
511 3453 681 3532 altaragium
703 3473 724 3513 v
743 3453 870 3530 partium
892 3452 973 3512 illius
993 3451 1119 3523 ecclesio,
1140 3451 1303 3510 oblaciones
1327 3455 1357 3510 et

256 3533 450 3594 obvonciones
470 3553 577 3596 omnes.
620 3533 753 3594 Pretsrea
773 3533 898 3594 decimes
911 3533 1062 3611 garbarum
1082 3532 1119 3590 de
1132 3538 1195 3592 toto
1211 3531 1356 3591 dominico

256 3614 387 3690 ejusdem
406 3615 478 3674 ville
500 3621 530 3676 st
551 3615 677 3698 decimas
698 3616 786 3675 unius
808 3617 913 3675 bovata
934 3619 1009 3674 terra
1030 3632 1118 3690 quam
1137 3613 1228 3672 Fulco
1249 3613 1354 3673 tonuit.

257 3695 388 3756 Habebit
397 3697 487 3756 sciam
494 3701 586 3757 totam
594 3702 705 3756 terram
716 3701 894 3774 spectantem
908 3695 946 3755 ad
958 3715 979 3756 v
992 3699 1087 3772 partes
1101 3696 1127 3771 ej
1131 3694 1231 3754 usdem
1241 3695 1358 3754 ecclesie

258 3795 325 3837 cum
335 3777 426 3855 pratis
435 3779 549 3854 pascuis
560 3783 589 3838 et
598 3779 723 3856 pasturis
733 3782 763 3838 et
771 3777 906 3838 turbariis
915 3783 945 3837 et
955 3777 1090 3836 omnibus
1100 3776 1164 3835 aliis
1172 3775 1359 3852 pertinenciis

259 3863 289 3918 et
314 3857 499 3918 libertatibus
525 3860 594 3920 suia
636 3860 721 3927 Prior
747 3865 844 3920 antem
870 3862 901 3918 et
927 3857 1068 3918 Canonici
1095 3863 1125 3917 et
1151 3857 1296 3917 Moniales
1322 3857 1359 3914 dc

259 3939 440 4000 Haverholm
454 3945 551 4000 totum
563 3941 713 4002 residuum
725 3942 759 4002 in
772 3939 891 4000 decimis
910 3939 1062 4016 garbarum
1075 3939 1187 4016 integre
1199 3937 1360 4015 percipient

259 4021 298 4080 ad
311 4026 414 4098 potum
426 4040 519 4082 suum.
562 4023 764 4083 Providsbunt
777 4023 869 4082 eciam
888 4025 1084 4098 competenter
1103 4019 1221 4078 ecclesie
1233 4019 1362 4097 predicte

259 4101 294 4160 in
314 4102 398 4162 libris
418 4109 448 4162 et
468 4105 644 4164 ornamentis
668 4124 735 4164 oum
755 4122 870 4164 necesse
893 4102 981 4162 fuerit
1004 4106 1034 4160 et
1056 4101 1090 4160 in
1114 4101 1223 4160 fabrica
1243 4099 1363 4160 cancelli

262 4183 436 4244 sustinenda
459 4184 622 4262 hospicium
646 4184 859 4245 Archidiaccno
886 4183 994 4243 iaciant
1021 4186 1051 4242 et
1077 4182 1176 4242 omnia
1197 4181 1256 4241 alia
1278 4200 1364 4240 onera

263 4264 454 4334 sustinebunt
469 4273 565 4344 preter
578 4267 721 4328 sinodalia
740 4285 797 4344 que
816 4271 933 4326 tantum
952 4264 1077 4325 vicarius
1096 4263 1190 4326 solvet
1203 4263 1361 4324 annuatim.
