3258 5096
286 477 328 540 48
675 489 779 544 LIBER
801 490 978 554 inmotus

285 647 350 704 octo
363 641 534 704 bovatamm
547 643 622 700 terra
634 638 668 698 in
680 637 782 699 eadem
792 638 863 700 villa
872 657 944 718 quas
953 639 1073 700 bovatas
1082 640 1216 702 tenuisti
1229 641 1385 720 subscripti

283 728 406 784 tonent:
437 723 525 800 Hugo
553 721 589 780 ds
616 719 766 797 Hospitali
792 725 873 780 tenet
906 721 979 780 duas
1011 721 1133 781 bovatas
1159 727 1189 783 et
1222 723 1384 799 dimidiam,

282 805 409 864 Thomas
421 803 459 863 de
482 801 635 862 Wielhorn
656 801 809 860 dimidiam
830 801 977 876 bovatam,
990 801 1061 861 Viel
1083 803 1161 864 iilius
1174 803 1280 882 Rogati
1293 825 1382 866 unam

282 886 428 960 bovatam,
442 883 569 944 Thomas
580 883 660 942 filius
673 881 796 942 Aluradi
809 886 839 942 et
852 883 972 942 Beatrix
985 901 1065 942 soror
1084 885 1148 961 ejus
1167 885 1240 945 duas
1255 885 1383 962 bovatas,

284 967 435 1028 Galiridus
456 965 535 1025 filius
556 963 673 1024 Osberti
695 982 785 1022 unam
799 963 943 1038 bovatam,
958 965 1088 1040 Rogerus
1101 965 1219 1030 Palmor¹
1230 965 1384 1028 dimidiam

283 1047 428 1122 bovatam,
444 1045 592 1107 walcerus
606 1045 765 1122 Carpentsr
781 1045 933 1104 dimidiam
953 1045 1100 1122 bovam,
1140 1046 1272 1107 Habebit
1287 1055 1385 1108 autem

283 1131 409 1190 vicarius
429 1127 538 1188 toftum
560 1125 727 1204 proximum
749 1125 827 1185 dicte
851 1126 969 1186 ecclesie
991 1146 1091 1188 versus
1114 1127 1281 1205 aquilonam
1305 1130 1385 1208 quod

284 1210 425 1282 Osbartns
439 1208 504 1270 0011
517 1211 599 1268 tanet
622 1211 652 1266 at
674 1207 737 1284 ipse
750 1207 875 1266 vicanus
894 1208 989 1268 solvet
1007 1209 1161 1268 annuatim
1180 1211 1384 1272 tantummodo

283 1291 435 1370 synodalia
443 1295 472 1351 et
480 1289 538 1368 ipsi
545 1287 681 1364 magister
691 1292 721 1347 et
730 1292 892 1348 conventus
902 1289 1099 1366 procurabunt
1108 1289 1272 1366 hospicium
1280 1291 1384 1352 Archi·

283 1371 398 1434 diaconi
417 1376 447 1432 et
467 1376 560 1432 cetera
579 1387 666 1430 onera
685 1367 880 1431 sustinebunt
921 1370 963 1430 Et
982 1375 1027 1430 est
1041 1370 1148 1432 sicaria
1165 1371 1210 1448 iiij
1225 1391 1383 1434 maranum

283 1457 314 1514 et
328 1453 457 1514 dimidie.

341 1627 491 1682 mett.
506 1608 635 1694 [Apisa]
646 1609 1382 1692 VicaniainecclesiadaAppelsquaestaarnmdem

282 1695 415 1755 consistit
427 1696 460 1755 in
473 1693 610 1772 altaragio
624 1697 654 1752 et
666 1694 699 1752 in
710 1693 830 1753 decimis
840 1698 905 1753 octo
916 1694 1086 1754 bovatamm
1096 1699 1171 1754 terro
1183 1713 1240 1772 que
1249 1696 1379 1757 nondum

281 1776 401 1836 fuerunt
413 1777 557 1854 assignate
570 1781 600 1836 et
613 1774 685 1852 ipsis
697 1775 750 1851 viij
768 1775 883 1836 bovatis
902 1776 1055 1854 assignatis
1069 1775 1125 1836 erit
1138 1777 1245 1838 sicana
1258 1783 1382 1856 quatuor
1470 1782 1475 1793 ’

281 1875 448 1918 mamalum·

343 2032 557 2089 ΜΑυΕνιειι,
596 2016 714 2078 Vicasia
745 2018 779 2077 in
812 2017 931 2078 ecclesia
963 2017 1001 2078 de
1034 2017 1206 2080 Madewella
1241 2039 1299 2098 que
1335 2025 1380 2081 est

280 2100 446 2160 earumdem
469 2099 602 2160 consistit
624 2100 659 2159 in
681 2103 744 2158 toto
768 2099 905 2175 altaragio
925 2117 995 2158 cum
1017 2099 1094 2158 toibo
1117 2101 1298 2178 assignando.
1340 2102 1380 2162 Et

280 2181 405 2242 vicarius
417 2182 511 2241 solvat
523 2180 727 2262 tantummodo
740 2179 891 2256 synodalia
911 2183 941 2238 et
958 2180 1016 2257 ipsi
1029 2180 1164 2258 magister
1176 2185 1207 2240 et
1219 2187 1380 2244 convontus

280 2263 475 2340 procurabunt
489 2262 651 2342 hospicium
664 2260 860 2321 archidiaconi
873 2266 903 2320 et
913 2261 1010 2322 omnia
1020 2261 1077 2321 alis
1086 2280 1174 2322 onena
1183 2263 1377 2324 sustinebunt

281 2343 320 2403 Et
334 2349 379 2404 est
393 2344 500 2404 sicaria
512 2348 584 2404 tunc
597 2343 728 2422 quinqua
740 2360 908 2403 maiomam„

339 2519 656 2575 wanmofiwomtt.
683 2503 800 2564 Vinaria
816 2503 849 2564 in
867 2503 986 2565 ecclesia
1005 2502 1042 2564 de
1060 2503 1302 2584 Wadingswosth
1322 2525 1380 2584 qua

278 2590 324 2646 est
337 2585 502 2646 earumdem
522 2586 656 2645 consistit
674 2585 708 2644 in
726 2590 790 2645 toto
810 2585 948 2663 altaragio
968 2604 1035 2645 oum
1055 2590 1130 2646 terra
1149 2591 1179 2646 et
1192 2586 1328 2648 domibus
1342 2587 1380 2647 ad

280 2667 388 2727 dictam
412 2667 561 2727 ecclesiam
583 2666 806 2745 pertinentibus
848 2665 889 2726 Et
911 2666 1036 2728 sicarius
1058 2668 1152 2728 solvet
1176 2669 1379 2728 tantummodo

278 2747 431 2824 synodalia
454 2749 564 2826 stipsi
587 2748 723 2824 magister
748 2752 779 2808 et
806 2752 967 2808 conventus
993 2748 1189 2826 procurabunt
1215 2743 1379 2826 hospicium

279 2830 474 2937 archidiaconi
497 2834 527 2889 et
550 2833 643 2890 cetera
666 2847 753 2889 onera
776 2828 971 2889 sustinebunt
1014 2829 1055 2888 Et
1081 2829 1160 2888 valet
1185 2829 1292 2890 vicaria
1311 2831 1376 2908 fija.

278 2930 356 2971 marc
378 2916 407 2971 et
421 2910 531 2972 dimid'.

340 3086 566 3142 cantatores„
613 3067 731 3133 vicaria
742 3072 776 3132 in
789 3071 908 3132 molesia
919 3071 957 3131 dc
970 3071 1093 3131 Freston
1105 3089 1163 3149 qne
1176 3075 1220 3132 est
1232 3073 1336 3151 prioris
1348 3077 1378 3134 et

278 3160 439 3215 convontus
458 3153 495 3214 de
512 3153 635 3214 Freston
654 3155 695 3215 sio
716 3157 760 3214 est
780 3153 919 3214 ordinata
961 3153 1096 3214 Vicarius
1116 3154 1171 3212 erit
1190 3153 1229 3213 ad
1248 3173 1378 3214 mensam

277 3254 378 3296 aarum
390 3255 450 3296 nna
463 3254 530 3296 cum
543 3235 646 3296 elerico
666 3254 719 3296 sno
739 3239 775 3295 nt
794 3235 919 3296 vicarius
939 3235 1084 3295 secularis.
1124 3235 1165 3294 Et
1177 3235 1240 3312 ipse
1253 3235 1378 3296 maenius

276 3316 397 3377 habebit
424 3317 576 3378 annuatim
602 3317 674 3378 duas
701 3335 809 3376 marcas
842 3317 881 3376 ad
912 3317 1061 3377 vestitum·
1087 3334 1172 3376 suum
1200 3321 1230 3375 at
1256 3315 1377 3376 habebit

277 3398 440 3459 oblaciones
454 3399 492 3458 ad
504 3417 525 3458 v
537 3397 612 3457 fasta
625 3399 696 3459 anni
709 3399 819 3459 scilicet
832 3398 871 3457 ad
883 3397 991 3457 festum
1002 3396 1142 3458 Omnium
1153 3395 1324 3457 Sanctorum
1330 3397 1374 3474 jd

277 3479 315 3538 ad
325 3479 356 3538 N
356 3480 431 3539 atale
439 3478 563 3540 Domini
575 3479 639 3556 iijd.
651 3480 689 3539 ad
701 3479 838 3557 pascham
850 3478 902 3556 ijd
914 3478 952 3537 ad
965 3483 1153 3556 pentecosten
1161 3477 1205 3553 jd.
1218 3477 1256 3538 ad
1269 3479 1376 3537 festum

276 3560 395 3621 ecclesie
411 3560 454 3637 jd
474 3579 526 3637 pro
547 3579 664 3639 corpore
683 3561 811 3639 presenti
826 3559 870 3636 jd.
887 3578 938 3637 pro
958 3559 1142 3637 sponsalibus
1159 3558 1203 3636 jd.
1245 3559 1376 3619 Habebit

276 3643 366 3700 eciam
379 3641 476 3701 dictus
486 3640 609 3701 vicarius
620 3642 780 3701 secundum
789 3641 924 3718 legatum.
960 3639 1090 3700 Habebit
1101 3641 1191 3700 eciam
1201 3639 1376 3717 palafridum

275 3721 314 3782 ad
326 3723 483 3800 furnagium
497 3722 640 3783 dictorum
659 3723 763 3801 prioris
776 3726 806 3782 et
819 3725 979 3782 conventus
992 3721 1073 3781 etad
1086 3720 1263 3798 prebendam
1276 3739 1376 3781 eorum

274 3803 486 3864 racionabilem.
528 3804 569 3862 Et
595 3803 653 3882 ipsi
678 3804 756 3881 prior
783 3808 813 3864 et
838 3807 1000 3863 conventus
1026 3801 1141 3862 solvent
1167 3802 1319 3878 synodalia
1345 3807 1375 3863 at

275 3883 438 3963 hospicium
451 3884 647 3945 archidiaconi
659 3883 856 3965 procurabunt
869 3889 899 3944 et
912 3888 1006 3944 ostem
1019 3901 1106 3944 onera
1119 3883 1314 3944 sustinebunt

336 4055 574 4113 ΒυΤΒΕνΙΥΚΕ.
597 4044 1375 4125 VicariainacolssiadsButerwikquassteorumdsm

226 4145 230 4154 ’
274 4128 408 4188 consistit
421 4129 454 4189 in
468 4133 529 4188 toto
550 4127 687 4205 altaragi0
707 4148 774 4189 cum
793 4128 869 4189 tofto
887 4128 1053 4204 pertinente
1072 4126 1111 4187 ad
1130 4127 1278 4186 ecclesiam
1298 4127 1375 4186 etin

274 4209 392 4270 redditu
405 4209 595 4286 quadraginta
605 4209 788 4270 denariorum
798 4209 962 4287 antiquitus
972 4207 1076 4270 collato
1087 4207 1124 4268 ad
1133 4207 1288 4269 luminaria
1295 4227 1373 4286 1spe·

274 4291 679 4370 riendaindicta(i)ecolesia
721 4291 762 4351 Et
771 4291 896 4353 sicarius
906 4290 999 4351 solvat
1009 4289 1210 4350 tantummodo
1220 4289 1373 4369 synodalia
