3258 5096
258 407 321 472 104
647 420 752 476 LlBEB
773 419 951 487 eunucus

259 573 401 650 Msgmm
420 571 456 631 1³.
478 570 515 631 de
536 569 710 646 (0110001311Ὦ
726 571 763 632 de
776 571 959 649 Weesingeb'
972 569 1128 650 capellano,
1148 569 1182 631 P.
1198 569 1235 630 de
1248 569 1356 648 11000,

257 655 294 715 R.
311 655 347 714 de
361 651 486 726 Bohun',
501 657 531 713 et
543 653 577 711 P.
594 652 632 712 de
651 653 855 714 Ohevremont'
868 653 1013 712 cenonicis
1033 653 1124 725 Lino',
1138 657 1168 712 et
1183 651 1300 713 Oliverc
1319 653 1357 712 de

258 733 372 797 Chedn'
394 733 503 810 elerico.
547 733 615 794 Det’
635 753 687 812 per
705 753 825 794 menum
844 733 954 794 Thome
973 734 1011 794 de
1031 732 1193 794 Fislrerton’
1217 733 1357 812 cepelleni
1441 711 1453 751 ²

258 815 495 936 00οο1οζ0100
519 815 598 894 epnd
621 815 704 878 Lino'
728 816 806 878 xvii⁰
828 814 886 876 ket
908 815 1040 893 Jenuerij
1061 815 1246 894 pontifioetus
1265 813 1358 875 nostri

259 916 337 959 enno
350 917 381 974 ι]
422 942 429 958 .

313 1079 517 1134 ΤΥΝΘΕἫΙΚ.

318 1143 473 1204 Omnibus·
489 1145 542 1204 &e
598 1141 724 1204 Noverit
749 1143 924 1204 universitas
950 1145 1046 1204 vestre
1073 1141 1153 1222 quod
1179 1161 1246 1208 cnm
1272 1162 1358 1204 ceuse

257 1229 416 1286 verteretur
429 1241 523 1284 ocrem
536 1221 621 1283 nobis
634 1223 784 1284 00110οι10
790 1229 932 1302 potestate
942 1225 1180 1302 cognoscentibus
1194 1225 1271 1284 inter
1281 1225 1357 1284 Rob.

258 1305 295 1366 de
309 1303 439 1366 Preston'
452 1309 591 1364 rectorem
604 1304 722 1366 ecclesie
735 1305 772 1366 de
784 1303 944 1384 Tingvvich'
965 1311 1090 1366 actorem
1108 1311 1139 1366 et
1158 1305 1306 1365 Abbetem
1327 1309 1358 1366 et

257 1387 419 1448 Moneehos
441 1385 471 1446 S.
497 1386 639 1446 Keterine
659 1391 742 1463 perte
760 1387 803 1446 rei
823 1387 987 1464 iungentes,
1011 1405 1098 1466 super
1120 1405 1180 1446 uno
1200 1381 1300 1446 menso
1328 1392 1358 1446 et

257 1467 371 1528 duobus
383 1467 502 1546 virgatis
515 1473 658 1545 terreque
671 1467 750 1528 idem
763 1467 837 1528 Rob.
849 1469 887 1528 ed
897 1469 1045 1528 ecclesium
1058 1486 1140 1528 suem
1151 1469 1187 1528 (10
1198 1467 1357 1545 Tingvvioh'

257 1549 429 1626 abantiquo
443 1549 479 1608 de
499 1549 566 1624 jure
587 1549 731 1626 pertinere
752 1548 868 1609 dicebat
891 1554 921 1609 et
944 1568 1031 1626 super
1050 1548 1169 1608 decimis
1185 1549 1357 1625 abantiquo

257 1631 402 1690 dominico
415 1629 559 1690 dictorum
572 1629 698 1690 Abbatis
711 1635 740 1690 00
755 1629 973 1691 Monechomm.
1016 1629 1093 1690 Item
1113 1649 1199 1708 super
1218 1630 1358 1706 pensione

257 1713 348 1772 trium
370 1730 530 1772 marcarum
553 1712 713 1771 secundum
736 1711 867 1788 ejusdem
893 1711 1015 1772 Roberti
1041 1713 1230 1771 assercionem
1257 1715 1358 1770 contre

258 1793 384 1856 Consilii
407 1791 544 1853 Laterani
567 1797 677 1852 0000000
700 1793 817 1852 00010010
832 1793 869 1852 (10
882 1791 1042 1870 Tingwich’
1055 1793 1199 1870 impositu
1227 1791 1358 1852 Tandem

258 1893 325 1934 cum
346 1892 439 1950 usque
462 1873 500 1934 ed
523 1873 714 1934 diffinitivum
734 1873 795 1933 iere
814 1873 957 1933 calculum
976 1873 1009 1933 in
1029 1873 1130 1934 eedem
1150 1891 1236 1933 ceuse
1254 1873 1358 1932 fuisset

258 1974 431 2034 processum,
456 1959 554 2014 nostre
576 1955 789 2015 interveniente
812 1955 982 2014 auctoritate
1004 1959 1085 2014 mote
1107 1973 1193 2032 super
1211 1955 1358 2033 premissis

258 2035 452 2097 controversie
474 2037 552 2096 inter
578 2055 627 2096 eos
654 2035 844 2096 amicabiliter
870 2036 1037 2113 conquievit
1063 2035 1097 2094 in
1123 2035 1202 2095 hunc
1228 2036 1357 2109 modum,

258 2117 395 2178 videlieet
422 2117 500 2195 quod
522 2115 625 2176 Abbee
647 2121 678 2176 et
701 2116 840 2176 Monechi
861 2115 1048 2178 01100000
1066 2117 1234 2176 retinebunt
1255 2117 1358 2194 imper·

257 2205 380 2278 potuum
403 2197 529 2258 decimes
551 2197 588 2256 de
611 2198 732 2274 entique
756 2197 901 2257 dominico
924 2217 977 2258 suo
1000 2197 1076 2258 sicut
1102 2196 1139 2257 eb
1162 2198 1283 2274 antiquo
1311 2215 1357 2256 000

260 2284 458 2358 perceperunt,
472 2284 502 2339 et
515 2278 675 2356 percipient
689 2279 822 2338 similiter
837 2279 1004 2338 deecclesia
1018 2278 1054 2338 de
1069 2277 1227 2356 Tingvich'
1240 2279 1359 2338 nomine
1481 2323 1493 2338 .
1609 2266 1611 2275 ’

259 2360 393 2439 perpetui
421 2360 555 2420 beneficii
582 2367 644 2419 vt¹²⁸
665 2359 773 2420 solidos
796 2359 947 2420 ennuetim
970 2359 1098 2419 1010000
1122 2359 1284 2419 Pentecost'
1310 2378 1362 2436 per

261 2460 380 2502 menum
407 2440 479 2500 dicti
506 2439 628 2500 Roberti
655 2445 685 2502 et
712 2459 906 2502 successorum
933 2442 996 2518 ejus
1016 2440 1210 2500 numerandos
1233 2444 1362 2500 cessente

260 2523 474 2601 imperpetuum
494 2522 644 2594 exectiope
664 2522 754 2581 trium
773 2541 940 2582 mersurum.
982 2520 1067 2581 Idem
1084 2539 1152 2582 vero
1166 2520 1311 2581 Robertus
1331 2524 1361 2580 et

262 2601 1361 2744 0001000001000100110100000οᾐ000000100οἓ11ἶο00001001ῂο000οᾑἓ100οἓ1010οὶ010

262 2705 309 2746 000
322 2705 379 2744 esre
392 2703 526 2744 mensum
539 2702 665 2744 memore
679 2703 730 2744 um
749 2703 816 2744 oum
856 2703 894 2744 ue
914 2702 950 2743 us
969 2703 1050 2762 urge
1063 2703 1089 2743 rs
1139 2703 1183 2743 rre
1224 2701 1305 2760 equr
1325 2701 1360 2742 us

262 2786 349 2843 eupre
372 2765 494 2825 fecimus
517 2765 703 2825 mencionem.
747 2765 844 2826 Salvis
866 2765 899 2824 10
920 2765 1055 2825 omnibus
1074 2764 1282 2841 episcopalibus
1296 2783 1361 2823 con-

262 2847 467 2908 suetudinibus
490 2847 541 2908 &e
585 2845 629 2906 Ut
655 2851 753 2906 eutem
778 2846 836 2905 iste
862 2846 1034 2923 composicio
1061 2850 1199 2924 perpetue
1224 2845 1362 2904 firmitate

262 2929 375 2989 nitetur
389 2947 452 2988 eem
464 2927 593 3006 presenti
606 2927 712 3004 scripto
731 2945 797 2987 cum
811 2927 900 3004 sigilli
912 2929 1005 2986 nostri
1021 2926 1203 3004 epposioione
1223 2925 1362 2985 duximus

262 3009 461 3070 roborandum
505 3009 573 3068 Hiis
592 3008 727 3068 Testibus
747 3008 888 3086 Magistro
909 3007 957 3068 W.
981 3010 1017 3068 de
1037 3007 1118 3066 Lino'
1132 3012 1161 3068 et
1175 3007 1208 3066 P.
1225 3007 1262 3066 de
1275 3006 1362 3067 Beth’

263 3091 409 3152 cenonioie
429 3090 520 3164 Linc’,
541 3090 577 3151 R.
600 3089 637 3150 de
649 3090 743 3150 Werr'
758 3091 895 3149 canonico
916 3088 1013 3164 Well’,
1028 3087 1145 3165 Megiet'
1158 3089 1207 3149 W.
1223 3088 1260 3147 de
1277 3087 1361 3148 Cent’

263 3178 293 3233 00
306 3173 342 3234 Α.
359 3173 395 3232 (10
415 3170 526 3248 Buged'
539 3175 569 3230 et
589 3171 624 3232 R.
641 3171 677 3230 de
693 3171 868 3248 Tinghurst’,
884 3169 933 3231 W.
948 3171 985 3229 de
1005 3170 1133 3244 Winch'‚
1148 3169 1184 3229 R.
1206 3170 1243 3228 de
1264 3169 1318 3229 Ox'
1332 3173 1363 3228 et

266 3253 300 3314 0.
327 3253 364 3312 de
387 3251 500 3314 Chedn'
524 3253 641 3312 clericis.
683 3251 753 3311 Det’
779 3271 830 3330 per
856 3269 974 3316 menum
1001 3250 1112 3311 Thome
1138 3251 1175 3310 de
1201 3248 1362 3310 Fislrerton'

264 3335 407 3412 cepelleui
419 3333 552 3394 eencnici
564 3332 646 3394 Linc'
659 3333 737 3411 epod
750 3331 852 3394 Them'
864 3333 886 3410 ij
900 3332 959 3393 kel'
973 3331 1045 3410 Meij
1067 3333 1252 3410 pontificatus
1271 3331 1364 3392 nostri

263 3435 340 3476 enno
354 3416 432 3494 xjm0.
880 3427 884 3436 '

325 3591 554 3655 Β1ΕΤΤΕ8Ηο.

327 3664 471 3725 Omnibus
485 3663 536 3724 dre.
573 3663 696 3724 Noverit
709 3661 883 3723 universitas
896 3667 991 3723 vestre
1000 3661 1079 3740 quod
1092 3681 1147 3722 nos
1160 3661 1197 3722 de
1207 3681 1325 3723 essensu
1334 3667 1364 3724 et

266 3745 418 3806 voluntate
439 3745 564 3806 Boberti
582 3744 620 3805 de
641 3745 718 3822 Brey
742 3749 772 3804 et
794 3743 918 3804 Walteri
939 3743 975 3804 (10
996 3743 1159 3804 Petteehill'
1178 3749 1365 3821 patronorum

268 3827 384 3887 ecclesie
394 3828 431 3887 de
445 3826 621 3887 Blecchesho
635 3830 664 3885 et
674 3826 797 3886 Martini
807 3825 843 3885 de
854 3824 1003 3884 Peteshill'
1012 3827 1105 3902 ipsius
1115 3825 1232 3885 ecclesie
1244 3845 1365 3903 persone

266 3915 391 3986 quotuor
403 3927 511 3968 meroes
525 3909 637 3986 argenti
649 3907 790 3984 Magistro
804 3911 833 3966 et
847 3906 984 3966 fratribus
998 3906 1150 3984 hospitalis
1169 3905 1198 3967 S.
1213 3906 1364 3966 Trinitatis

267 3995 350 4050 extre
372 3987 585 4067 Norhemptou'
608 3989 760 4048 annuatim
783 3988 820 4047 de
842 3987 971 4065 predicte
994 3989 1112 4048 ecclesie
1131 3988 1168 4047 de
1187 3987 1364 4048 Blecchesho

267 4073 386 4131 nomine
398 4073 531 4150 perpetui
544 4071 676 4130 beneficii
689 4069 887 4146 percipiendos
900 4088 952 4146 per
964 4088 1083 4129 menum
1097 4069 1228 4146 ejusdem
1242 4068 1365 4129 Martini

269 4158 299 4213 et
313 4171 507 4212 successorum
520 4171 637 4212 suornm
650 4152 742 4229 ipsius
755 4151 872 4210 ecclesie
885 4169 1069 4229 personarum
1090 4151 1128 4210 ed
1141 4151 1214 4222 duos
1226 4151 1365 4210 terminos

268 4234 378 4296 scilieet
402 4234 440 4295 ed
463 4233 604 4294 Peschem
628 4233 700 4294 dues
723 4251 832 4293 meroes
853 4237 883 4292 00
904 4233 942 4292 ed
960 4232 1067 4292 festum
1081 4231 1111 4294 S.
1127 4231 1280 4292 Michaelis
1293 4231 1364 4292 (1000
