3258 5096
649 472 806 526 nucours
828 473 951 526 wnnrs
1316 459 1358 527 79

321 635 403 691 κω..
420 635 468 690 οε
482 634 664 691 accursu
680 621 816 682 Omnium
829 621 881 682 88·
898 621 933 680 m
946 621 1107 696 memsam

321 703 475 764 Universis
483 703 529 762 bc.
567 702 692 762 Noverit
701 702 875 762 universitas
885 705 980 762 vestra
990 721 1043 761 nos
1053 702 1090 763 de
1099 721 1217 764 msensn
1227 705 1359 784 Capituli

260 783 353 844 nostri
361 783 445 843 Linc’
454 783 679 860 divinepietetis
687 783 798 844 intuitu
806 783 919 843 dedisse
927 783 1098 844 concessisse
1106 791 1135 844 et
1143 789 1359 862 presenticarta
1418 817 1421 823 ·

260 869 360 925 nostra
386 865 568 924 confirmasse
591 862 686 948 Priori
705 870 735 924 et
756 865 910 926 Canonieis
934 863 970 923 de
997 863 1175 925 Nenenham
1205 867 1357 932 duodecim

261 946 368 1006 solidos
379 947 416 1006 de
430 947 547 1006 ecclesia
561 945 699 1005 Omnium
711 945 882 1028 Sanctorum
893 945 930 1004 de
938 945 1091 1006 Bedeford'
1100 948 1217 1007 nomine
1225 953 1359 1028 perpetui

260 1027 394 1088 beneficii
407 1028 558 1087 annuatim
571 1027 778 1103 percipiendos.
823 1027 919 1086 Salvis
932 1027 966 1086 in
979 1027 1114 1087 omnibus
1132 1029 1177 1088 bc.
1222 1029 1310 1106 Quod
1324 1039 1359 1094 ut

259 1113 356 1176 ratium
366 1113 532 1186 permaneat
541 1109 755 1185 imperpetuum
762 1109 890 1185 presenti
898 1107 1004 1184 scripto
1012 1112 1042 1167 et
1050 1107 1138 1186 sigilli
1147 1113 1240 1170 nostri
1248 1115 1359 1191 apposi-

261 1191 343 1250 cione
367 1190 505 1249 duximus
527 1188 729 1249 roborandum.
773 1190 842 1250 Hiis
858 1189 1001 1265 Testibus,
1015 1189 1127 1268 Rogare
1141 1190 1249 1252 decano
1263 1193 1354 1269 Linc’‚

261 1270 335 1331 Rob.
346 1268 991 1347 deNcrhsmpton',Reimundolairc',Alem
999 1269 1243 1346 Bedeiord',Rob.
1254 1275 1359 1351 Eunt,

260 1351 469 1411 archidiaconis
478 1373 488 1426 3
507 1351 655 1428 Magistris
675 1350 712 1411 R„
733 1352 771 1412 de
791 1349 881 1412 Oestr'
901 1356 931 1412 et
950 1351 1000 1411 W.
1022 1351 1060 1410 de
1079 1351 1177 1427 Well’,
1191 1354 1303 1416 Thema
1319 1357 1356 1418 de

260 1432 416 1492 Fickerton
435 1437 465 1492 et
485 1431 521 1494 P.
541 1433 578 1492 de
598 1432 693 1504 Batb',
708 1434 808 1492 cauon’
823 1432 904 1493 Linc'
914 1453 924 1508 3
949 1431 1098 1510 Magistris
1118 1433 1153 1494 It
1176 1434 1213 1494 de
1233 1436 1358 1512 Grauel',

259 1512 371 1572 Thema
385 1513 457 1573 offic'
470 1513 652 1590 Norhampt'‚
668 1514 750 1574 Will.
763 1515 799 1574 de
810 1513 995 1586 Brancewell,
1011 1514 1129 1575 Simone
1142 1516 1179 1575 de
1192 1516 1356 1594 Elnestow'‚

260 1598 290 1653 et
300 1594 372 1654 eliis.
411 1595 479 1654 Dat'
490 1612 671 1672 permenam
681 1593 815 1672 Magistri
825 1595 980 1656 Willielmi
990 1594 1028 1655 de
1037 1595 1155 1656 Tcrnac’
1165 1597 1359 1660 archidiaconi

261 1675 357 1736 Stowe
377 1675 455 1752 apud
475 1675 570 1736 Vetus
589 1675 743 1753 Templum
763 1676 896 1737 London’
916 1681 1019 1754 quarto
1041 1675 1157 1738 kalend'
1178 1678 1356 1758 Septembris

259 1757 445 1834 pontificatus
458 1758 551 1817 nostri
562 1775 640 1816 anno
653 1758 707 1834 vj0.

320 1915 555 1971 ΗΑΤΙΡΙΟΑΟΙΟ
577 1915 796 1970 ΒΙὸθΕΜΑῠΕ.

321 1981 475 2042 Universis
508 1981 559 2042 duc.
619 1981 743 2041 Noverit
776 1979 950 2039 universitas
983 1981 1080 2039 vestra
1113 1999 1167 2040 nos
1200 1981 1360 2060 inspexisse

260 2062 508 2122 confirmacionem
529 2061 736 2139 predecessoris
755 2061 847 2121 nostri
869 2059 1003 2138 Hngonis
1026 2061 1107 2121 Linc'
1129 2063 1162 2122 in
1185 2062 1238 2122 hec
1261 2065 1357 2126 verba

261 2142 406 2203 Omnibus
434 2143 545 2204 Christi
570 2142 705 2202 fidelibus
731 2143 770 2202 ad
796 2160 869 2219 ques
900 2160 1017 2218 presens
1036 2143 1177 2220 scriptum
1196 2145 1360 2221 pervenerit

259 2225 349 2302 Hugc
369 2225 418 2284 dei
436 2225 528 2302 gratia
541 2223 623 2284 Linc'
638 2224 798 2302 Episcopus
813 2222 945 2282 Salutem
962 2223 995 2282 in
1016 2221 1141 2284 domino.
1183 2225 1234 2285 Ad
1247 2228 1361 2287 univer

259 2306 354 2365 sitatis
373 2310 468 2366 vestre
487 2306 625 2365 noticiam
654 2305 790 2365 volumus
820 2304 970 2380 pervenire
996 2323 1050 2364 nos
1076 2310 1168 2366 ratam
1195 2310 1224 2366 et
1247 2313 1359 2385 gratam

259 2385 365 2446 habere
385 2387 574 2447 donacionem
594 2405 680 2464 qnam
701 2387 772 2446 fecit
792 2385 915 2446 dilectus
944 2385 1022 2445 filius
1039 2391 1139 2446 noster
1165 2387 1253 2466 Hugo
1280 2389 1360 2450 filins

256 2466 373 2529 Oliveri
398 2468 435 2528 de
454 2467 538 2530 Bello
558 2466 668 2544 Campo
696 2468 749 2527 dec
776 2472 807 2526 et
833 2465 862 2527 S.
891 2465 985 2526 Maria
1004 2470 1035 2526 et
1055 2467 1215 2528 Willielmo
1236 2469 1273 2528 de
1291 2469 1357 2531 Oel-

259 2549 365 2610 morth'
378 2553 408 2610 et
422 2549 482 2609 illis
495 2549 623 2626 quicum
639 2566 674 2607 ec
689 2549 723 2608 iu
736 2546 842 2608 habitu
861 2546 1008 2625 religionis
1027 2547 1196 2610 deserviunt
1216 2555 1244 2611 et
1257 2551 1361 2630 imper

259 2636 382 2709 petuum
401 2630 537 2690 servituri
556 2633 627 2689 sunt
646 2629 679 2688 in
699 2629 833 2708 parocbia
853 2627 890 2688 de
913 2629 1000 2688 Eton'
1020 2628 1116 2690 locum
1140 2631 1177 2690 de
1202 2631 1360 2692 Bisscmad'

259 2717 291 2772 et
303 2717 418 2772 tentum
438 2712 519 2772 bosci
540 2715 569 2770 et
582 2715 656 2770 terre
676 2716 820 2788 quantum
840 2710 1006 2770 continetur
1024 2729 1042 2770 a
1057 2703 1185 2771 torrente
1198 2713 1360 2774 Bleisword

259 2793 296 2852 de
316 2813 401 2870 parco
420 2791 555 2870 Hugonis
573 2792 666 2870 ipsius
683 2793 770 2868 juxta
790 2791 930 2851 fossatum
950 2790 1078 2852 Simonis
1098 2793 1134 2852 de
1155 2793 1307 2854 Pateshull
1326 2795 1359 2854 in

259 2875 557 2952 longitudinemque
580 2872 619 2932 ad
638 2873 891 2932 Lnfmaresweiam
915 2877 944 2930 et
966 2873 1000 2931 in
1023 2872 1180 2934 latitudine
1206 2894 1298 2952 usque
1322 2876 1361 2935 ad

259 2955 400 3015 fossatum
413 2954 570 3014 Willielmi
583 2954 750 3015 Dauen'sis:
769 2955 902 3013 similiter
915 2957 945 3012 ct
957 2971 1047 3012 unam
1057 2955 1135 3014 viem
1142 2955 1229 3031 juxta
1239 2957 1358 3016 Torren-

259 3039 320 3094 tem
334 3054 390 3111 que
404 3035 471 3095 finit
483 3035 561 3094 inter
573 3053 691 3111 parcum
705 3039 735 3094 et
753 3033 914 3094 Bleisword
932 3052 1023 3110 usque
1041 3035 1079 3094 ad
1098 3040 1202 3095 terram
1217 3031 1267 3116 [so.
1284 3035 1359 3120 ibt]

260 3115 416 3192 Reginaldi
429 3115 484 3174 filii
494 3115 646 3175 Gcseberti
656 3116 719 3175 Dec
730 3113 807 3197 [cuc]
819 3137 826 3176 ε
840 3115 927 3174 alium
937 3115 1027 3174 eciam
1037 3116 1117 3176 viam
1126 3117 1235 3176 scilicet
1245 3137 1263 3177 a
1272 3118 1359 3179 bosco

259 3197 418 3275 supradicti
441 3195 597 3255 Willielmi
619 3197 760 3274 capellani
783 3203 812 3256 et
835 3197 957 3255 fratrum
980 3195 1038 3254 loci
1056 3197 1136 3256 illius
1156 3199 1234 3257 inter
1253 3203 1358 3260 terram
1430 3209 1433 3216 '

260 3277 416 3356 Willielmi
441 3276 587 3336 Dauensis
613 3282 643 3336 et
669 3276 825 3355 Reginaldi
846 3276 883 3336 de
904 3276 965 3335 Baa
985 3294 1078 3353 usque
1104 3277 1142 3337 ed
1170 3279 1357 3360 forensem(l)

259 3359 387 3419 boscum
436 3357 659 3418 concessionem
672 3358 763 3417 eciam
777 3357 948 3435 quemfecit
963 3357 1110 3434 predictus
1124 3359 1213 3437 Hugo
1226 3361 1263 3420 de
1276 3359 1360 3422 Bello

259 3441 371 3518 Campo
384 3439 496 3518 prefato
506 3437 569 3498 loco
580 3439 617 3498 de
627 3439 784 3498 Bissemed'
795 3444 825 3498 et
836 3437 973 3498 iratribus
982 3438 1093 3498 ibidem
1103 3440 1157 3500 deo
1167 3441 1360 3502 servientibus

259 3527 290 3582 et
303 3521 451 3582 servituris
464 3519 601 3580 videlicet
614 3519 778 3580 communia
791 3537 896 3598 pascua
903 3538 955 3596 per
968 3538 1053 3579 omne
1064 3521 1241 3582 dominicum
1254 3523 1360 3600 prefati

259 3602 403 3680 Hisponis,
418 3601 541 3678 primam
554 3601 644 3660 eciam
658 3607 801 3661 moturum
814 3605 881 3678 post
893 3599 969 3660 illud
983 3601 1062 3677 quod
1075 3621 1188 3662 sursum
1202 3603 1358 3665 inventum

258 3683 354 3744 inerit.
398 3683 462 3742 Hec
489 3683 586 3746 omnia
619 3683 695 3741 sicut
721 3683 921 3761 prenominata
947 3687 1018 3742 sunt
1043 3688 1073 3742 et
1106 3685 1218 3761 prefato
1244 3685 1308 3744 loco
1341 3705 1360 3746 a

258 3765 423 3842 supradicto
448 3763 574 3840 Hugone
597 3761 634 3822 de
658 3763 742 3824 Bello
766 3763 877 3840 Campo
900 3762 1005 3822 collata
1025 3768 1056 3824 et
1079 3784 1211 3825 concessa
1231 3767 1359 3842 presenti

258 3847 365 3924 scripto
379 3851 409 3906 et
421 3844 511 3920 sigilli
523 3845 615 3903 nostri
628 3845 787 3922 patrocinio
798 3843 1007 3904 confirmamus.
1039 3844 1174 3906 Testibus
1182 3847 1307 3906 Ricardo
1318 3847 1355 3906 de

259 3925 467 3999 Selewescliue‚
483 3924 615 3985 Gilberto
625 3924 662 3984 de
672 3925 794 3999 Rcwell
806 3924 959 3997 canonicis,
974 3930 1004 3984 et
1022 3925 1094 3987 aliis
1140 3927 1188 3988 Sic
1202 3929 1292 4006 igitur
1303 3927 1358 3988 hec

257 4009 424 4086 supradicta
437 4007 478 4067 eis
501 4025 519 4065 a
541 4005 789 4082 predecessoribus
810 4005 917 4066 nostris
941 4005 1066 4084 Hugone
1079 4008 1156 4068 bone
1169 4009 1305 4068 memorie
1325 4014 1356 4069 et

257 4088 420 4150 Willielmo
433 4087 509 4148 bone
522 4088 659 4148 memorie
671 4088 754 4148 Linc’
768 4087 886 4148 ecdesie
898 4085 1051 4164 Episcopis
1068 4089 1281 4150 racionabiliter
1293 4108 1359 4149 con·
1457 4129 1459 4134 ,

257 4170 370 4230 firmata
382 4175 459 4230 sunt.
502 4167 550 4228 Ita
572 4168 678 4228 dilecto
700 4171 762 4230 filio
784 4170 874 4245 Josep
898 4168 987 4244 priori
1008 4174 1038 4228 et
1060 4170 1270 4230 successoribus
1296 4171 1358 4232 suis

257 4251 394 4311 canonice
417 4249 629 4310 substituendis
655 4255 685 4310 ct
711 4251 857 4312 canonicis
883 4246 994 4308 ibidem
1022 4249 1077 4311 deo
1105 4252 1299 4313 servientibus
1326 4256 1357 4311 et

257 4333 471 4412 imperpetuum
484 4331 634 4391 servituris
649 4331 749 4392 cadem
762 4331 860 4392 omnia
873 4333 902 4390 et
915 4329 942 4388 si
954 4347 1013 4406 qua
1031 4332 1184 4410 postmodo
1198 4333 1298 4412 adepti
1310 4332 1358 4394 vel
