3258 5096
271 481 314 548 90
678 497 782 550 creme
802 497 980 562 inmunes

327 657 455 715 τκοῃρ
475 640 552 724 (sic),
565 662 631 706 cem
644 643 830 708 enimam
843 645 950 708 οἰοανίο
963 647 996 706 in
1008 647 1115 708 sedam

327 725 483 788 Universis
509 727 562 788 &c
618 725 743 788 Noverit
769 727 943 788 universitas
969 733 1066 788 vestre
1098 748 1153 788 nos
1178 729 1217 788 de
1248 749 1361 792 assensn

267 807 375 888 Rogeri
402 805 516 868 Decsni
540 811 572 866 et
598 805 729 886 Gepitnli
755 810 848 868 nostri
874 808 957 869 Linc'
983 809 1083 870 divine
1110 811 1228 886 pietatis
1253 811 1365 872 intuitu

266 891 380 952 dedisse
393 893 423 949 et
436 889 610 948 concessisse
622 887 736 950 dilectis
755 890 788 949 in
808 889 926 952 Christo
946 889 1016 950 filiis
1029 890 1142 952 Abbeti
1158 897 1189 952 et
1209 893 1364 954 conventui

266 971 298 1036 S.
313 970 514 1047 Jecobijnxte
534 967 747 1048 Norbnmpton'
759 971 878 1030 nomine
896 972 1030 1050 perpetui
1049 971 1182 1050 beneticij
1203 974 1236 1034 in
1248 974 1366 1034 ecclesie

266 1053 304 1114 de
316 1053 416 1130 Throp
428 1069 486 1130 que
499 1051 536 1112 de
549 1069 648 1110 eorum
660 1057 705 1111 est
725 1051 917 1112 edrocecione
932 1065 962 1112 et
975 1053 1008 1112 in
1020 1073 1079 1131 quc
1091 1054 1172 1132 prins
1185 1059 1302 1114 tuntum
1314 1075 1364 1116 sex

265 1153 376 1194 merces
395 1132 561 1192 hsbuernnt
579 1135 657 1192 totns
675 1132 801 1192 decimos
821 1133 973 1211 gnrbnrnm
992 1132 1080 1194 mi*
1095 1135 1272 1212 virgeorum
1291 1140 1365 1198 terre

265 1215 303 1276 de
313 1213 458 1276 dominico
469 1211 594 1274 Wslteri
604 1214 641 1272 dc
655 1213 807 1274 Peteshull
814 1214 847 1274 in
857 1215 958 1276 eedem
967 1215 1038 1276 ville
1051 1221 1081 1276 et
1093 1217 1278 1278 medietatem
1292 1223 1365 1278 terre

265 1297 396 1356 nrrsbilis
415 1313 481 1354 cnm
502 1295 688 1372 pertinenciis
707 1299 738 1355 et
757 1299 854 1356 totum
873 1296 1036 1374 pomerium
1048 1314 1085 1356 ex
1098 1303 1180 1375 purte
1192 1299 1365 1360 occidentali

265 1378 344 1438 curie
356 1375 474 1436 ecclesie
488 1375 521 1434 in
540 1393 599 1454 qne
618 1395 670 1436 sus
689 1377 803 1454 possint
823 1377 935 1438 edificio
954 1383 1128 1440 construere
1169 1379 1278 1442 Totum
1296 1399 1365 1441 vero

265 1458 412 1519 residnnm
436 1455 567 1534 ejusdem
591 1457 708 1518 ecclesie
728 1457 858 1536 Rogerns
878 1458 1043 1536 capellanus
1056 1478 1143 1538 quem
1157 1460 1195 1520 nd
1208 1462 1366 1521 eorrmdem

265 1540 391 1600 Abbstis
404 1543 434 1598 et
447 1537 660 1600 canonicorum
673 1540 918 1616 presentccionem
930 1541 967 1600 ed
981 1541 1075 1618 ipsum
1088 1541 1236 1602 ecclesiam
1249 1543 1366 1604 comni-

265 1641 331 1682 mus
355 1625 386 1682 et
408 1637 560 1698 perennem
582 1621 615 1680 in
639 1639 672 1680 ee
694 1619 877 1681 instituimus
896 1627 926 1681 et
943 1622 1223 1684 successoressuiin
1235 1625 1366 1702 predicto

264 1702 384 1764 ecclesie
409 1701 447 1761 de
472 1699 570 1778 Throp
603 1701 637 1761 in
669 1702 793 1779 propriis
826 1702 956 1780 personis
989 1703 1182 1764 ministretnri
1216 1705 1301 1765 nobis
1335 1711 1366 1766 et

264 1782 474 1844 succeemribns
500 1781 607 1842 nostrie
633 1781 671 1844 eb
695 1783 811 1844 Abbete
837 1787 867 1844 et
894 1789 1041 1844 conventu
1067 1785 1098 1846 S.
1125 1785 1230 1846 Jnoobi
1252 1805 1366 1864 semper

264 1866 402 1943 quociens
420 1863 485 1942 ipse
503 1864 650 1924 vocaverit
669 1864 855 1942 preeentnndi
872 1870 903 1925 et
915 1866 1053 1926 canonice
1065 1866 1240 1927 instituendi
1253 1867 1365 1946 integre

264 1953 294 2006 et
307 1946 397 2008 libere
409 1949 549 2024 perpetuo
559 1945 757 2023 possidebunt
801 1946 935 2006 Preteree
947 1946 1044 2007 dictus
1057 1947 1188 2025 Rogerus
1200 1949 1365 2026 nepotianus

264 2031 295 2088 et
307 2045 482 2088 successores
495 2026 542 2088 sni
556 2027 723 2104 persolvent
742 2027 864 2105 singulis
884 2028 970 2088 ennis
983 2028 1094 2088 Abbsti
1114 2034 1144 2088 et
1158 2031 1317 2090 conventui
1330 2030 1362 2091 S.

263 2107 286 2169 J
286 2109 368 2169 scobi
380 2108 510 2186 quinque
523 2107 632 2168 solidos
645 2109 697 2186 qui
710 2109 853 2169 debentur
866 2110 903 2170 nb
917 2108 1025 2170 eisdem
1037 2109 1155 2170 Abbntc
1174 2115 1204 2170 et
1218 2115 1365 2172 conventu

264 2189 360 2250 Priori
382 2195 413 2250 et
436 2190 594 2250 conventui
616 2189 647 2250 S.
662 2189 779 2250 Andree
799 2191 951 2250 annuetim
971 2209 1024 2268 pro
1044 2191 1157 2252 dncbns
1172 2191 1269 2268 gerbis
1289 2191 1364 2252 deci-

263 2289 376 2330 merum
386 2270 423 2329 de
432 2274 556 2348 quotuor
565 2269 685 2348 virgatis
694 2275 769 2331 terre
782 2271 815 2331 in
828 2271 929 2331 eedem
939 2271 1010 2333 ville
1020 2291 1077 2350 que
1087 2277 1157 2332 sunt
1170 2272 1207 2333 de
1218 2272 1364 2333 dominico

263 2351 416 2432 hospitalis
437 2350 628 2412 &Johnnnie
648 2351 685 2410 de
705 2351 939 2430 Northcmpton'.
981 2353 1118 2414 (ictorum
1137 2353 1216 2413 idem
1234 2354 1364 2432 Rogerus

263 2438 294 2494 et
306 2451 481 2494 successores
494 2432 541 2492 sui
553 2431 696 2492 sinodalia
708 2451 761 2510 pro
774 2433 892 2494 ecclesie
906 2434 942 2494 de
962 2434 1061 2512 Throp
1074 2435 1174 2495 debite
1187 2436 1362 2512 persolvent.

263 2513 365 2575 Abbes
377 2518 476 2574 entem
490 2519 519 2573 et
532 2513 664 2573 senonici
676 2513 839 2591 hospicium
849 2514 1056 2575 Archidicconi
1065 2517 1224 2576 invenient.
1267 2517 1364 2578 Salvis

262 2597 295 2656 in
319 2595 455 2656 omnibns
477 2593 529 2654 dcc.
571 2593 612 2653 Et
635 2599 670 2654 nt
693 2594 747 2654 hec
770 2601 869 2656 nostre
883 2597 1027 2656 concessio
1040 2602 1210 2676 perpetrem
1230 2598 1362 2658 obtinent

262 2677 431 2738 firmitatem
438 2675 567 2753 presenti
576 2675 683 2753 scripto
694 2675 822 2753 sigiilum
832 2681 964 2740 nostrum
978 2697 1038 2738 une
1050 2698 1117 2738 cum
1130 2679 1226 2755 sigillo
1239 2679 1364 2756 predicti

263 2757 384 2837 cepituli
403 2757 496 2817 nostri
515 2755 598 2816 Linc’
618 2755 756 2816 duximus
779 2757 993 2835 opponendum
1037 2760 1172 2820 Testibne
1191 2765 1222 2820 et
1241 2759 1310 2821 Dst'
1329 2765 1364 2820 ut

263 2858 350 2918 snpre
369 2839 401 2898 in
422 2843 500 2898 curte
519 2838 624 2899 domus
643 2837 796 2916 hospitclis
817 2839 847 2901 S.
869 2839 951 2900 Petri
971 2839 1009 2900 de
1031 2839 1118 2901 Ebor'
1141 2859 1228 2920 snper
1242 2841 1365 2902 'dnobus

263 2921 365 2982 solidie
378 2921 412 2981 in
424 2919 580 2981 medietete
592 2919 710 2980 ecclesie
723 2919 760 2980 de
773 2919 924 2998 Aletborp.

324 3078 567 3134 WROKESTAN.

323 3145 476 3208 Universis
489 3144 541 3207 dcc.
584 3143 709 3206 Noverit
732 3145 908 3206 universitss
929 3149 1024 3206 vestre
1043 3146 1123 3224 qnod
1142 3166 1196 3208 noe
1215 3147 1312 3208 locum
1331 3149 1365 3209 in
1415 3159 1417 3164 '

262 3227 335 3290 ville
348 3228 385 3288 de
401 3226 571 3286 Wrokestun
581 3225 633 3304 qui
646 3226 754 3286 dicitur
767 3227 847 3287 locus
861 3226 891 3287 S.
907 3227 1000 3286 Murio
1014 3247 1081 3288 cnm
1094 3229 1204 3306 cepolle
1213 3228 1246 3288 in
1255 3229 1365 3289 honore

263 3309 352 3370 Beete
365 3308 458 3369 Merie
471 3307 582 3368 ibidem
595 3307 718 3368 inndnte
731 3313 761 3368 et
775 3309 876 3368 domos
888 3315 918 3368 et
927 3308 1037 3368 curicm
1050 3315 1142 3370 totum
1154 3329 1220 3370 cnm
1230 3311 1365 3388 virgultis

263 3397 293 3451 ct
306 3390 425 3452 vivcmis
439 3393 469 3448 et
483 3389 581 3467 specio
601 3390 680 3467 quod
700 3390 866 3450 continetur
885 3390 962 3450 inire
981 3390 1125 3451 ambitum
1138 3393 1215 3452 muri
1227 3392 1308 3469 qnod
1321 3397 1367 3452 est

262 3473 337 3532 circs
356 3471 472 3531 vinecm
492 3475 522 3530 et
548 3470 623 3530 circo
649 3471 757 3530 curium
785 3476 815 3531 et
841 3471 976 3532 omnibus
1003 3472 1080 3532 inire
1106 3472 1229 3533 eundem
1256 3473 1366 3533 cnricm

262 3553 408 3613 contentis
418 3551 640 3613 ndvocecionem
650 3552 740 3612 eciem
751 3553 869 3612 ecclesie
878 3553 1050 3631 parochialis
1060 3553 1097 3612 de
1109 3554 1287 3614 Wrokestnn
1299 3573 1366 3614 cunr

262 3633 450 3712 pertinenciis
476 3633 536 3692 suis
562 3650 620 3708 que
647 3634 745 3692 omnic
771 3633 895 3694 dilectus
921 3633 954 3692 in
981 3633 1099 3695 Christo
1122 3635 1201 3694 filine
1224 3634 1364 3712 Magister

262 3715 391 3776 Micbnel
410 3713 494 3774 Belet
513 3713 592 3773 filins
611 3713 765 3774 Michaelis
784 3713 870 3774 Belet
896 3715 1051 3776 Canonicie
1075 3715 1154 3793 opud
1179 3715 1364 3776 Wrokesten'

261 3797 475 3876 imperpetuum
501 3794 555 3854 deo
575 3795 725 3854 servituris
751 3795 783 3854 in
804 3813 907 3873 purem
926 3801 957 3855 et
981 3801 1149 3875 perpetuam
1178 3798 1364 3858 elemosinam

261 3879 396 3947 contulit,
410 3876 520 3938 eisdem
541 3875 687 3936 canonicis
711 3875 786 3935 sicut
809 3895 844 3934 ce
866 3896 884 3935 o
906 3877 1037 3954 predicto
1059 3877 1201 3954 Magistro
1224 3879 1266 3938 eie
1283 3879 1364 3955 juste

261 3960 366 4021 collate
378 3964 448 4019 sunt
461 3964 492 4018 et
505 3975 647 4031 concesso,
661 3958 832 4016 anctoritate
845 3957 1002 4035 episcopali
1015 3959 1224 4020 confirmemus.
1268 3959 1363 4020 Sulcis

261 4043 295 4102 in
308 4041 444 4102 omnibus
459 4040 506 4099 hc.
549 4037 637 4113 Quod
656 4045 691 4099 nt
710 4043 879 4116 perpetuam
899 4039 1031 4099 obtinent
1049 4039 1216 4101 firmitatem
1236 4041 1367 4119 presenti

261 4124 368 4202 scripto
392 4127 422 4182 et
445 4121 534 4200 sipili
557 4119 650 4179 nostri
673 4120 812 4179 duximus
838 4120 1022 4198 opposicione
1050 4121 1252 4184 roborandum.
1295 4123 1364 4182 Hiis

261 4203 397 4265 Testibus
418 4202 530 4262 Thomu
550 4201 588 4260 de
608 4200 781 4276 Fiskcrton'‚
803 4201 890 4262 Petro
912 4201 949 4260 de
973 4201 1069 4276 Bath’,
1092 4203 1231 4279 Magistro
1257 4205 1306 4265 W.
1328 4205 1366 4264 de

262 4285 358 4359 Well'‚
370 4285 406 4346 R.
418 4284 455 4344 de
465 4283 581 4358 Bohun,
593 4281 742 4360 Stephano
753 4283 790 4342 dc
803 4282 863 4343 Oic’
874 4283 973 4342 cunon’
984 4281 1075 4350 Linc’.
1088 4284 1227 4362 Magistro
1240 4285 1366 4346 Ricardo

261 4366 299 4426 de
311 4365 471 4443 Tinghnrst
488 4369 519 4423 et
532 4364 651 4425 Olivcro
671 4363 708 4422 de
722 4363 864 4426 Obednct’
879 4369 909 4425 et
928 4363 1001 4425 eliie
1045 4364 1114 4424 Det'
1128 4384 1180 4442 per
1199 4385 1304 4428 manue
1318 4369 1364 4427 W.

262 4447 299 4508 de
324 4443 443 4506 Tornec’
469 4445 665 4505 archidiaconi
692 4443 789 4506 Stowe
815 4445 894 4522 epud
920 4445 1053 4523 Kildeby
1082 4465 1103 4505 v
1131 4447 1204 4507 Idne
1229 4448 1365 4526 Jenucrij

261 4529 448 4612 pontificetns
461 4527 553 4586 nostri
573 4544 651 4586 enno
664 4526 718 4585 ἰοῦ.
